4534 5750
228 464 239 477 ’
323 670 327 679 ,
373 538 730 643 annuorum
762 540 1033 673 Mreaose.
1064 503 1260 691 sonan.
1361 572 1452 655 317

188 773 365 860 rabuntur
393 710 494 860 ibrte
526 774 739 882 Ledioree,
784 795 922 861 meam·
949 792 1013 865 attt
1043 719 1357 882 hebetudinem,
1387 787 1472 861 aut*-
1633 836 1635 841 ·

189 898 491 1025 negligentiam,
522 906 626 1015 quod
655 900 929 1010 nihilominus,
961 905 1131 1015 ignorate
1161 928 1228 990 me
1269 905 1453 1013 penitus,
1587 933 1590 947 ¹

189 1027 307 1137 qualia
337 1016 446 1113 suem
478 1032 715 1118 iustnttnenti
745 1030 1009 1133 consttudiio,
1040 1032 1157 1119 fatear
1181 1032 1351 1141 ‚nilque
1369 1054 1450 1151 am

188 1152 286 1264 plius
315 1148 472 1241 affetere
505 1156 687 1263 robam,
715 1140 818 1262 bist,
847 1175 1032 1269 quantum
1063 1184 1115 1245 ex
1147 1157 1325 1268 adspectu
1346 1159 1477 1241 nudo'

188 1280 345 1367 iudicari
375 1285 532 1394 potuit,
561 1310 642 1369 non
675 1280 842 1369 babuiffe
872 1284 1000 1394 ipsum
1030 1286 1207 1397 aliquid,
1236 1310 1326 1370 cum
1356 1308 1453 1369 con

190 1409 282 1491 sueti
312 1408 553 1523 mierostopii
582 1410 707 1495 solaria
738 1409 947 1517 nrutture,
979 1434 1222 1529 commuue,
1271 1411 1341 1497 Αιι
1379 1412 1449 1496 ιιι·

189 1554 256 1617 ιιι
288 1532 360 1643 ιιι,
390 1536 519 1623 aiddu
550 1564 614 1623 me
644 1538 931 1623 instrumentum
946 1540 1093 1646 paucis
1122 1559 1213 1622 ante
1251 1538 1339 1623 Viri
1381 1536 1452 1619 de·-
1584 1563 1587 1567 ⁴

187 1659 435 1746 fideratiffimi
467 1682 752 1771 praematuram
785 1672 959 1747 mortem
991 1661 1233 1772 septimanis,
1254 1667 1477 1771 ingruente·

187 1786 338 1892 nodie,
372 1785 464 1897 ips&
484 1812 536 1871 eo
561 1805 808 1899 momento,
855 1813 934 1900 quo
963 1788 1172 1899 relinquens
1220 1785 1446 1876 Lieberinih·

187 1913 322 2018 nium,
370 1914 533 1999 domum
566 1917 703 2001 reuerti
740 1918 952 2021 uolebam,
1001 1936 1119 2025 atque
1148 1916 1323 2002 dinuitue
1351 1931 1454 2020 me,

187 2040 404 2127 consulente
433 2040 524 2152 ipso
554 2038 821 2129 celeberrimo
860 2040 987 2143 Viro¹
1039 2060 1082 2124 et
1130 2042 1368 2149 effed’tuum,
1408 2056 1471 2125 et·
1539 2141 1543 2149 .

187 2164 389 2255 structurae
421 2168 657 2253 instrumenti
688 2192 893 2273 examen,
945 2169 985 2249 in
1025 2166 1140 2252 aliam
1171 2171 1293 2253 diem.
1355 2168 1479 2282 Qum

186 2296 312 2378 minus
343 2318 437 2380 tero
469 2292 756 2381 humaniffimae
790 2292 1053 2381 {inberbihaii
1100 2296 1317 2381 inuitationi
1360 2302 1482 2399 mmj

186 2444 273 2507 rem
306 2446 466 2528 gerere,
499 2446 703 2533 meamque
734 2420 862 2507 satiare
896 2423 1087 2531 potuerim
1119 2426 1355 2528 miditatem,
1373 2422 1450 2505 im·

186 2550 360 2657 pediuit,
390 2552 431 2633 iu
466 2574 584 2659 quem
619 2550 786 2659 protinus
816 2550 1003 2633 incidebat
1035 2545 1110 2631 Vir
1142 2544 1448 2656 Celeberrimos,

187 2674 379 2782 morbus,
428 2676 491 2785 qui
523 2676 641 2761 fatalis
673 2679 741 2789 ipsu
778 2674 861 2761 fuit.
941 2672 1119 2785 Superest
1167 2677 1326 2786 proinde
1376 2674 1470 2760 stne⁴

183 2798 333 2904 dubio,
366 2804 404 2884 iu
435 2824 487 2886 eo
504 2827 660 2916 ,quem
692 2806 848 2916 reliquit
877 2790 1206 2888 instrumbntotum
1224 2807 1449 2915 optinorum
1606 2831 1608 2834 ·

185 2926 401 3033 thesauro,
431 2927 748 3036 Lt'eberiribtt’os,
780 2951 823 3015 et
850 2929 1006 3032 hoece,
1034 2932 1170 3033 euius,
1200 2947 1298 3045 cum
1325 2928 1451 3036 nulla,
1471 2941 1476 2953 '

187 3055 292 3165 quod
325 3057 437 3138 iciam
457 3056 700 3168 ,deitriprio
729 3057 879 3167 publice
910 3053 1110 3140 nanetus
1122 3055 1280 3147 exiiet.
1309 3055 1466 3140 aVito

183 3201 318 3265 autem
350 3176 653 3295 Celeberrimo,
694 3187 760 3294 qui
795 3182 850 3266 nil
879 3182 1107 3264 moliebatur
1155 3183 1318 3305 inepte,
1371 3194 1476 3264 non·

188 3307 262 3392 nib
294 3311 442 3418 egregia
473 3307 654 3420 speranda
686 3309 790 3415 sint,
837 3305 996 3414 rogandi
1037 3307 1201 3389 omnino
1229 3309 1312 3389 sunt
1340 3307 1453 3414 ipfiut
1534 3362 1538 3370 ·

183 3433 394 3543 haeredes,
444 3455 488 3519 ιι
527 3436 674 3519 erudito
718 3433 806 3522 orbi
862 3429 1155 3578 descriptionem
1208 3430 1471 3576 ιιιιιιοιιοριι

186 3559 342 3646 huius
334 3563 521 3675 impertiri
554 3563 694 3650 veiint

284 3805 439 3906 Cum
481 3821 670 3934 proinde
658 3820 1003 3930 tomicroicopium
1021 3819 1160 3930 soiate,
1182 3821 1448 3932 obiestisopa·
1473 3859 1478 3868 ·

178 3945 245 4028 cit
262 3963 418 4056 aptum,
438 3949 596 4058 aequum
617 3950 671 4032 ius
689 3949 849 4032 babeant
865 3943 1112 4032 Celeberrimi
1128 3949 1219 4034 Viri
1237 3947 1393 4036 oleru
1408 3968 1449 4033 et
1473 3974 1479 3984 ·

181 4071 501 4172 venerandam,
529 4101 571 4160 tc
597 4101 671 4186 pro
697 4073 954 4160 inuentoribus
981 4075 1115 4184 procul
1141 4077 1262 4161 dubio
1286 4076 1449 4160 habendi

179 4197 279 4302 fiat,
291 4227 407 4314 quam
424 4204 490 4288 hic
506 4225 698 4314 propono,
716 4199 956 4310 microstopii
974 4198 1099 4284 solaria
1116 4204 1448 4309 emendationem,

178 4325 281 4425 (ιιι
297 4351 338 4412 et
353 4332 472 4434 baec,
494 4315 541 4446 ad
559 4329 859 4441 repraesentanda
877 4325 1028 4412 obieda
1046 4327 1303 4438 pelluciditate
1326 4351 1452 4412 caren-

177 4449 259 4558 tit,
278 4475 412 4569 apntm
427 4459 556 4546 reddat
572 4455 648 4541 hoc
664 4452 978 4570 iunmmeutum)
995 4474 1074 4540 non
1100 4477 1145 4542 ra
1173 4471 1304 4542 mente
1327 4457 1477 4563 trado,
1550 4543 1554 4550 ‚

443 4619 446 4626 ²
756 4583 849 4671 tir
884 4600 910 4682 n
1350 4577 1472 4690 qurfi·
