4534 5750
239 491 244 498 ’
288 525 565 628 nutritur.
598 527 995 631 astronomo.
1022 535 1346 634 mannan.
1380 561 1475 655 4⁸9

15 685 50 819 ti

224 771 302 874 iit,
335 787 376 850 ot
403 768 507 878 qrtori
541 768 663 850 mains
691 764 780 867 est,
826 783 1012 876 qtuntunt
1043 766 1351 856 obseruationum
1382 772 1482 858 fide-

224 897 324 983 litati
356 894 658 1006 atque·acunr'ini
686 888 853 999 notent,
884 918 965 976 vno
995 915 1064 977 ore
1083 920 1388 1010 conqueruntur,
1418 905 1482 1013 qui

225 1026 292 1136 ipii
322 1024 508 1106 eiusmodi
537 1021 854 1104 obstruationibus
884 1021 1111 1106 instituendis
1155 1046 1307 1110 vacant.
1408 1087 1415 1095 -

375 1147 720 1236 Commodiffimur
750 1147 828 1230 stne
859 1149 978 1233 dubio
1008 1151 1268 1247 obseruatoti,
1314 1156 1485 1265 corporis
1660 1146 1690 1168 ⁹

225 1281 432 1392 capitisque
463 1277 585 1380 sutus,
617 1276 648 1358 ir
677 1273 761 1373 eii,
789 1277 854 1384 qui
887 1299 977 1384 prae
1006 1277 1154 1388 reliquis
1181 1280 1334 1365 horrtiui
1374 1302 1486 1366 natu·

227 1410 315 1494 ralis
346 1413 458 1520 atque
490 1404 687 1487 consuetus
715 1399 802 1506 est,
834 1402 977 1486 cretius
1005 1426 1179 1515 nempe,
1227 1427 1338 1518 atque
1370 1409 1484 1502 talis,

225 1555 273 1619 ut
303 1538 436 1620 tuburo
468 1531 666 1614 secundum
708 1527 853 1613 teitaun
905 1527 1186 1615 horizontaiern
1236 1531 1480 1644 introspiciat.

224 1663 307 1780 Qui
339 1666 463 1766 itaquo
495 1659 676 1760 adaptare
708 1660 831 1762 ponet
862 1655 1110 1742 instrumenta
1139 1657 1416 1764 astronomica,
1442 1679 1486 1744 ut

225 1789 469 1886 obseruator,
500 1781 790 1889 qualescunque,
820 1799 861 1859 et
893 1782 946 1860 in·
967 1807 1185 1892 quacunque
1204 1789 1356 1892 regione
1373 1789 1486 1892 coeii,

223 1913 392 1997 instituat
425 1906 725 2000 obseruationes,
755 1925 948 2013 nunquam
979 1905 1125 2014 aiium,
1167 1908 1234 1991 nist
1265 1911 1388 1993 modo
1428 1912 1486 1994 di·

227 2039 336 2123 &um
363 2099 375 2140 ‚
406 2034 592 2117 assumere
628 2049 785 2143 cogatur
814 2031 981 2140 corporis
1028 2031 1176 2140 fitam,
1226 2033 1291 2120 hic
1322 2037 1487 2123 omnino

226 2191 308 2251 non
346 2161 689 2272 contemnendam·
719 2155 974 2242 instrumentis
1020 2157 1487 2275 counione-perstitio-

222 2318 320 2377 uem
351 2287 681 2374 habendusrfotet.
731 2333 735 2339 ·
1391 2345 1397 2354 .

366 2413 462 2502 Diu'
479 2415 560 2521 eit,
605 2438 680 2496 exv
699 2435 782 2532 quo
806 2413 881 2496 taie
912 2411 960 2493 se²
978 2411 1152 2497 medium
1189 2415 1287 2500 mihi
1319 2416 1485 2528 obtniit,

223 2545 333 2658 quod
363 2547 487 2650 cuur',
518 2543 558 2626 in
589 2541 808 2624 aduersaria·
825 2565 911 2624 mea
958 2541 1149 2648 relatum,
1188 2567 1232 2626 ac
1276 2543 1353 2628 fere
1385 2543 1483 2628 obli·

225 2673 348 2777 tutu,
392 2695 532 2784 paucos
571 2687 660 2753 ante
688 2669 768 2752 dier
796 2668 954 2751 fortuito
984 2667 1019 2751 se
1051 2671 1193 2753 turiurn
1222 2671 1340 2755 oculis
1388 2673 1486 2756 tueit

221 2801 437 2911 obtulerit,
468 2799 549 2883 satis
577 2798 735 2908 dignum
769 2794 867 2880 mihi
895 2796 1017 2880 risum
1049 2794 1132 2898 eii,
1178 2797 1279 2881 cuiue
1310 2800 1349 2881 in
1381 2800 1481 2885 Aca-

220 2931 356 3014 demia
388 2931 627 3039 mentionem
662 2925 869 3008 iniicerem.
937 2922 1019 3007 Etsr
1050 2924 1158 3005 enim
1209 2922 1319 3005 facile
1367 2929 1486 3034 quiui't
1508 3006 1519 3024 ,.

218 3058 426 3165 imaginari
458 3053 548 3135 istud
580 3041 779 3157 ponuntur,
814 3052 1024 3133 anemine
1055 3060 1202 3131 tamen'
1226 3048 1407 3133 hactenus
1445 3040 1486 3135 in

221 3182 339 3265 usum
370 3181 553 3259 vocatum
571 3174 637 3272 etr,
655 3177 757 3279 quod
792 3193 922 3251 tamen
954 3172 1115 3251 omnino
1147 3176 1286 3256 mereri
1320 3176 1482 3260 videtur.
1611 3248 1615 3255 .

247 3382 253 3387 .
379 3303 445 3387 Ad
479 3297 697 3407 sequentia,
730 3292 806 3379 hoc
840 3294 1017 3406 quicquid
1049 3294 1103 3379 est
1131 3298 1277 3381 inuenti
1309 3303 1386 3385 mei
1410 3365 1422 3408 ,
1446 3318 1486 3387 te

212 3430 300 3546 ipsa
333 3428 486 3517 maioris
517 3423 632 3508 forno
660 3405 890 3527 nomenti,
934 3444 1048 3533 quam
1089 3422 1138 3505 ad
1164 3426 1338 3531 primurn
1370 3429 1489 3511 intui·

216 3586 312 3648 tum
360 3558 482 3663 uiden
533 3550 697 3663 potest,
748 3552 946 3636 inducitur.
1056 3542 1209 3634 Cauniis
1255 3550 1487 3639 orichaiceut

214 3686 447 3795 ΑΒΜΡ,
481 3682 561 3791 Fig.
587 3703 625 3759 1.
656 3677 833 3761 insertum
867 3701 992 3789 grene
1024 3705 1046 3763 a
1080 3696 1190 3786 patre
1221 3684 1399 3765 auteriori
1426 3666 1644 3792 νί-ΤθῦχΧῑ

219 3836 340 3901 trum
373 3810 605 3897 obiestiuum
641 3804 753 3907 ΑΒ,
783 3805 927 3919 aliquot
956 3804 1115 3913 pollicer
1145 3804 1299 3889 breuior
1328 3807 1403 3915 stt,
1428 3811 1489 3895 di·
1539 3769 1610 3877 ¹²¹⁸·
1639 3796 1673 3849 ¹·
1806 3808 1809 3816 '

205 3941 369 4030 'stantia
398 3938 506 4023 &reali
551 3935 656 4019 lentis
685 3932 781 4019 ABL
842 3937 881 4018 A
916 3951 1023 4049 parte
1055 3932 1282 4041 posteriori,
1314 3934 1360 4021 ad
1384 3934 1485 4043 MP,

208 4068 532 4157 afferruminetur
575 4064 644 4173 ipit
703 4066 750 4148 ad
806 4062 966 4173 angulos
1014 4058 1149 4165 scitos
1198 4059 1336 4145 canalis
1393 4063 1488 4150 alter

191 4190 440 4294 fluctu
469 4192 546 4277 eius
577 4188 849 4300 longitudinis,
885 4209 929 4274 rt
964 4188 1153 4298 utriusque
1170 4188 1320 4271 ··etnalie
1360 4187 1488 4296 longis
1573 4274 1579 4283 ,

197 4326 323 4410 turio
355 4321 463 4409 fimui
496 4319 644 4423 sumta,
672 4321 862 4402 summam
896 4318 1154 4404 distantiarum
1188 4314 1364 4401 stacaiium
1406 4308 1489 4402 ien-
1604 4390 1606 4397 .

203 4456 262 4538 tis
300 4448 515 4535 obieffluae
547 4440 1232 4551 nli-‚et1ocutaris·C·D,effic-tat.
1294 4442 1372 4527 Vbi
1407 4444 1490 4529 iun·

192 4606 220 4627 ··
279 4577 332 4665 Τ
333 4566 800 4672 om.1X·Nou.Comrrt.
1017 4569 1146 4685 Qqq
1395 4594 1487 4683 gun·
