4534 5750
821 540 919 642 ,ὧι
1020 612 1025 621 ,
1159 509 1791 634 onscurrrro

825 783 853 844 a
881 755 990 843 limbi
1020 702 1121 840 illius
1148 755 1320 868 margine
1352 729 1602 865 prominent,
1641 746 1863 860 iuliguitae,
1907 743 1998 835 binc
2038 755 2079 842 sd

826 885 973 971 casium
1005 883 1140 967 leuiter
1170 882 1318 993 asperae
1347 881 1443 964 sunt.
1509 879 1743 986 Magnitudo
1772 877 2004 988 squamarum
2038 882 2079 968 ab

827 1012 1012 1100 anteriori
1043 1008 1168 1094 tersus
1197 1008 1444 1120 posteriorem
1477 1008 1653 1117 corporis
1680 1024 1830 1114 partem
1861 1003 1995 1088 sensim
2029 1009 2079 1092 iu·

830 1141 1002 1243 crescit,
1057 1137 1247 1221 diametro
1296 1132 1559 1246 longitudinali
1603 1131 1845 1218 urusuersam
1893 1133 2099 1242 lopertum

827 1263 1026 1378 squamae
1053 1268 1233 1350 omnium
1274 1263 1491 1366 minimae,
1545 1283 1643 1372 quae
1687 1265 1879 1345 anteriora
1929 1264 2082 1372 corporir

828 1414 1052 1506 occupant,
1079 1391 1324 1476 subrotundae
1351 1413 1397 1474 ac
1429 1387 1665 1474 tenuifflmae
1694 1387 1792 1471 suut.
1868 1386 1919 1472 Iu
1949 1391 2080 1499 capite,

707 1583 715 1590 -
756 1613 765 1622 ,
830 1521 1021 1632 operculo
1050 1517 1350 1626 branchiamm,
1379 1517 1478 1604 dorsr
1513 1537 1553 1601 et
1602 1515 1812 1600 abdominis
1841 1516 1951 1602 initio
1993 1517 2078 1630 squa-

832 1673 989 1737 marum
1020 1669 1070 1732 ne
1101 1647 1301 1757 vestigium
1328 1645 1491 1757 'quidem
1518 1665 1695 1758 apparet.

986 1837 1109 1925 Linea
1156 1836 1435 1950 lougiurdimlis
1471 1837 1580 1922 valde
1625 1831 1816 1952 obscura,
1861 1833 1925 1920 tel
1965 1842 2077 1949 potius

834 1964 1375 2205 nu1h⁶'dnusoris,quam
1408 2092 1550 2204 pinuae
1589 2092 1729 2178 caudae
1777 2110 1960 2178 extremo
2002 2121 2081 2208 pro·
2209 2161 2213 2175 .

837 2221 957 2334 pior,
1007 2223 1093 2335 post
1123 2226 1161 2306 se
1193 2226 1291 2332 gerit
1325 2225 1507 2336 papillam
1539 2221 1789 2329 latiusculrm,
1821 2246 1873 2306 ex
1902 2221 1976 2306 sruu
2003 2251 2079 2334 pro·

834 2350 1019 2433 deuutem
1050 2378 1095 2436 ac
1124 2354 1329 2438 retrorsum
1362 2350 1630 2460 spectantem,
1661 2368 1914 2460 extremoque
1943 2350 1999 2434 suo
2012 2351 2079 2466 apl·
2212 2348 2215 2358 '

837 2499 886 2560 ce
915 2479 1055 2588 pinuae
1086 2481 1149 2563 ani
1181 2481 1300 2589 primi
1330 2481 1427 2564 radii
1442 2476 1532 2562 'basr
1559 2475 1638 2560 sere
1676 2476 1914 2586 contiguam.

974 2672 1116 2756 Pinnae
1147 2669 1392 2780 penetrales,
1419 2670 1467 2754 ad
1503 2668 1619 2752 latera
1668 2668 1870 2779 corporis,
1921 2670 1986 2757 hali
2027 2667 2076 2754 sua

829 2799 985 2884 ‘carnosa
1012 2817 1214 2909 aperturae
1241 2799 1289 2884 ad
1340 2795 1536 2883 branchias
1582 2798 1727 2906 patenti
1778 2795 1999 2908 oppostae,
2031 2821 2077 2883 ex

835 2946 957 3011 ouato
978 2968 998 2985 ·
1017 2925 1286 3033 lanceolam,
1333 2928 1454 3011 radiis·
1463 2948 1522 3035 pue
1571 2924 1828 3035 septendecim
1876 2927 2079 3012 iustruslae:

837 3051 1090 3137 exterioribus
1120 3051 1169 3134 ab
1203 3072 1363 3161 rtroque
1396 3057 1569 3161 margine
1598 3056 1645 3135 ad
1679 3053 1854 3137 intimum
1885 3077 1994 3165 usque
2030 3077 2080 3139 ex

838 3180 973 3262 ordine
1003 3180 1271 3289 longioribus,
1305 3180 1478 3287 plurimis
1509 3182 1680 3263 ramosas.
1745 3181 1880 3264 Prnuae
1917 3181 2085 3265 teutrales

837 3306 938 3390 iuter
967 3308 1004 3389 se
1034 3328 1244 3396 conrasas,
1274 3308 1487 3391 orbiculum
1521 3332 1727 3392 concurrum
1742 3365 1753 3410 ‚
1770 3306 1830 3393 seu
1853 3310 2080 3405 turabulum,
2110 3410 2112 3415 Ι

837 3432 1148 3543 repraestutaut,
1196 3435 1236 3517 in
1277 3434 1422 3543 aequali
1451 3459 1541 3519 curu
1592 3439 1718 3545 pinnis
1763 3434 2000 3547 pesiurrlibus
2043 3434 2089 3517 ab

837 3564 917 3643 oris
945 3583 1125 3644 extremo
1156 3562 1328 3645 distantia
1359 3565 1485 3648 strum.
1570 3564 1636 3646 Eli
1677 3585 1804 3647 autem
1840 3563 1930 3648 illud
1959 3566 1997 3645 iu
2026 3562 2090 3644 cir·

839 3688 1088 3771 cumscrentia
1118 3687 1409 3798 subrutundum,
1439 3682 1614 3775 diametri
1645 3702 1706 3795 4}-
1736 3692 1954 3798 linearum,
1982 3698 2092 3772 antrre

714 3901 719 3912 ,
838 3814 983 3898 duobus
1013 3812 1111 3921 quast
1144 3818 1391 3930 pedunculis,
1421 3818 1684 3917 cnssrusculis,
1719 3822 1920 3925 breuibus,
1955 3814 2096 3926 impres·

829 3928 916 4045 bs,
965 3966 1034 4025 ceu
1078 3942 1233 4049 fulcris,
1264 3947 1329 4029 vel
1358 3948 1571 4031 columellis
1591 3942 1610 4049 ,'
1652 3945 1883 4052 firmatum,
1931 3948 2098 4051 radiisque

840 4090 1034 4178 praeterea
1065 4070 1189 4178 osto,
1221 4074 1284 4155 sub
1312 4076 1452 4186 angulo
1484 4093 1599 4158 acuto
1630 4077 1679 4156 ab
1708 4076 1922 4157 abdomine
1949 4072 2100 4176 reflexis,

840 4200 1048 4305 parumque
1076 4200 1167 4277 dein
1199 4200 1380 4307 inflexis,
1431 4203 1545 4284 valde
1593 4184 1780 4312 ramosis,
1830 4202 2102 4313 compostum.

841 4318 1046 4405 Pedrrnculi
1080 4322 1171 4427 isti,
1203 4330 1379 4412 duarum
1413 4329 1597 4413 linearum
1631 4332 1829 4415 interuallo
1862 4332 1966 4415 inter
1993 4328 2028 4413 sc
2055 4326 2105 4411 di·

841 4448 1005 4560 slantes,
1037 4452 1084 4537 ad
1116 4450 1231 4567 ballo,
1248 4458 1500 4569 augustiores,
1533 4458 1689 4571 superne
1721 4458 1900 4550 latiores.
1939 4458 2104 4545 acetabu-

2031 4585 2108 4669 lum
