4534 5750
63 874 67 1027 i

394 809 1307 1067 MATuuunurcn
1435 988 1445 1007 ·

740 1264 747 1281 .
821 1218 862 1309 ι
1054 1228 1067 1253 .
1605 1218 1609 1226 -

201 1444 303 1570 De
346 1448 717 1611 Resolutione
757 1458 1160 1579 Formuiarum
1195 1458 1476 1619 quadrati·

194 1660 397 1757 carum
437 1624 1010 1754 indeterminatnrum
1052 1668 1158 1799 per
1209 1672 1476 1758 numeros

651 1801 951 1967 integi'OS'.

180 2016 188 2042 ’
318 2090 583 2219 Αιιξὶοιε
628 2092 815 2214 Leon.
860 2090 1073 2213 Euiero
1113 2129 1253 2258 pag
1300 2136 1373 2245 ς.
1477 2230 1482 2237 ,

188 2288 676 2565 Confideratio
581 2384 863 2468 ιιιιιιιοιοιιιιιι,
896 2362 1069 2471 numnis
1121 2361 1310 2474 plerisque
1358 2371 1475 2459 omni
1562 2404 1566 2411 ¹

354 2490 574 2572 vincareta
605 2486 808 2592 uideatur,
843 2506 976 2573 tamen
1007 2512 1074 2599 per
1105 2488 1239 2573 senon
1258 2491 1381 2580 solum
1403 2500 1475 2586 ad·

185 2621 351 2703 modum
386 2616 440 2701 eii
471 2588 748 2719 incanum-seu
779 2618 896 2700 etiam
928 2618 1100 2702 animum
1133 2618 1182 2702 ad
1213 2621 1381 2709 veritatis
1411 2629 1468 2712 in-

180 2748 432 2855 dagationem
464 2768 542 2828 nnn
573 2744 823 2828 mediocriter
853 2745 988 2850 acuit,
1041 2749 1196 2857 eiusque
1238 2749 1340 2833 riree
1368 2737 1470 2865 quai

182 2879 311 2984 magis
343 2874 521 2960 intendit.
590 2870 772 2959 Maxime
803 2876 907 2960 enim
940 2872 1105 2960 abundat
1138 2874 1309 2962 nocturn
1326 2903 1467 2969 nume·

180 3029 318 3092 rorum
354 3003 575 3116 veritatibus
610 3001 910 3110 abstrusniunis,
939 3027 1098 3113 quarum
1130 3001 1376 3117 inuestigatio
1423 3031 1464 3099 et

180 3131 459 3220 demonstratio
489 3153 634 3220 tantum
670 3133 818 3242 ingenii
849 3134 1160 3244 penetrationem
1195 3136 1381 3250 postulat,
1416 3159 1464 3228 ut

180 3285 375 3370 nunquam
406 3261 541 3346 murita
545 3284 672 3386 ‚qnae
704 3260 861 3346 inuoluit
866 3259 1074 3372 ,mysteria
1102 3263 1182 3348 erui
1214 3281 1254 3346 et
1278 3267 1464 3384 explrcati

183 3384 291 3502 pnffe
325 3390 551 3475 rideantur.
616 3390 750 3534 Quod
781 3407 885 3472 certe
915 3413 970 3472 eo
999 3393 1126 3500 magis
1153 3393 1300 3474 mirum
1335 3396 1460 3482 rideri

180 3519 328 3610 debet,
374 3521 477 3630 quod
507 3519 659 3604 numeri
685 3541 866 3626 nusquam
900 3539 972 3627 per
1003 3517 1039 3600 se
1071 3540 1234 3600 reuera
1264 3518 1465 3634 existant,

180 3648 240 3731 red
267 3671 337 3758 per
365 3648 481 3732 solam
515 3645 852 3732 abstractionem
840 3667 882 3725 ιιι
916 3661 1049 3726 mente
1097 3643 1345 3753 formentur,
1382 3677 1479 3763 qua·

175 3775 311 3886 primo
340 3777 494 3884 quidem
527 3778 633 3860 ierien
662 3794 912 3858 numerorum
947 3771 1175 3858 naturalium
1213 3775 1265 3858 ab
1304 3769 1455 3865 unitate
1473 3835 1479 3868 -.

173 3905 216 3988 in
248 3902 441 3988 infinitum
478 3903 805 4048 progredientium
835 3899 1106 4004 constituitur,
1139 3917 1225 3984 tum
1266 3926 1363 3988 uero
1402 3904 1457 3994 ad

171 4031 370 4118 interualla
403 4031 597 4144 implenda
630 4031 778 4114 numeri
810 4025 918 4114 nant
965 4047 1006 4112 et
1054 4028 1180 4132 surdi,
1210 4048 1323 4152 atque
1354 4033 1454 4119 aden

173 4161 486 4264 transcendentes,
506 4163 801 4245 introducuntur.
843 4152 1042 4273 Quorum
1075 4183 1255 4270 genemm
1273 4159 1451 4250 tratiatio

171 4289 240 4373 etii
286 4293 335 4376 ad
385 4288 691 4376 Anthmeticnm
741 4285 871 4372 referri
925 4283 1060 4395 s,olet
1110 4307 1243 4372 tamen
1289 4290 1329 4374 in
1375 4289 1450 4379 hae

169 4415 320 4507 trienna
349 4418 517 4533 insugnea
541 4421 825 4535 proprietates.
859 4415 992 4534 quibus
1023 4415 1175 4505 utuueti
1202 4421 1283 4507 utut
1297 4415 1446 4534 auem,

771 4571 857 4648 aa
1372 4569 1449 4634 rut
