4534 5750
384 467 718 579 'ouuwnu
755 477 1054 580 ECHPSEOS
1082 479 1357 584 LVNARIS.
1421 521 1509 607 497

248 690 714 827 1?.19'.1r“.Vmbra
747 719 795 802 ad
827 735 935 802 mare
974 714 1200 805 hnmomm.

216 851 220 859 '
248 860 287 923 1.
320 858 392 920 ιι.
423 861 497 942 37.
564 844 612 927 ad
647 867 824 930 montem
858 845 1037 930 Helicon.

245 989 287 1054 ι.
319 989 393 1071 24.
420 988 497 1072 47.
564 997 668 1058 mate
699 973 911 1058 humorum
944 991 1053 1057 extra
1086 973 1282 1062 umbram.

243 1117 283 1177 1.
317 1113 392 1197 27.
422 1115 498 1199 55.
562 1096 803 1214 Copetnieus
833 1119 935 1187 touta
963 1123 1072 1187 extra
1104 1103 1296 1194 umbram.

213 1233 280 1305 ἰ.
311 1248 391 1328 43.
453 1247 498 1332 7.
561 1225 758 1316 Manilius.
1367 1247 1371 1256 '

212 1359 279 1436 ἰ.
305 1357 369 1456 46
417 1373 490 1454 ra.
556 1356 767 1444 Menelaus.

235 1504 280 1561 1.
305 1507 380 1584 49.
412 1489 488 1581 38.
554 1486 796 1573 Poffidonius·

235 1631 280 1697 ι.
307 1633 332 1713 5
338 1635 382 1714 9.
414 1637 491 1692 ιι.
559 1613 705 1698 Vmbra
759 1613 887 1702 tranlit
935 1633 1006 1726 per
1077 1612 1232 1725 apicem
1296 1615 1499 1707 Promona.

208 1752 215 1778 ·'
558 1741 577 1801 ἵ
656 1738 771 1822 acuti.

207 1867 275 1943 ἰ.
338 1883 380 1945 ι.
411 1880 487 1966 59.
551 1887 658 1950 mare
700 1863 883 1950 Nedaris
910 1861 1120 1950 detendunt.
1410 1941 1415 1949 .

228 2015 273 2070 2.
335 2012 379 2090 a.
409 2015 486 2093 ις.
551 1992 723 2079 Vmbrae
755 2013 891 2104 margo
922 1991 972 2075 ad
1004 2015 1112 2079 mare
1145 1987 1326 2081 Criliom.
1425 2073 1431 2083 .

226 2141 276 2203 2.
339 2133 381 2208 ⁸.
409 2144 483 2206 ιο.
532 2133 654 2206 ‘mare
684 2115 847 2206 Crifinm
892 2137 1018 2206 totum
1048 2138 1156 2209 extra
1184 2124 1376 2212 umbram.

221 2270 271 2332 a.
304 2273 376 2334 ιι.
405 2276 486 2358 42.
552 2249 655 2338 Finis
682 2248 889 2362 Eclipseos.
1026 2327 1046 2340 ..

372 2441 520 2529 Vmbra
566 2438 704 2529 telluris
754 2439 964 2527 admodum
1012 2440 1122 2527 deod
1169 2459 1281 2531 erat.
1329 2444 1382 2531 ita
1415 2464 1491 2560 vt,
1584 2477 1592 2486 ·

214 2569 425 2684 postquam
474 2568 607 2655 Lunae
654 2567 794 2655 discum
847 2571 1089 2675 intrauerat,
1151 2569 1200 2654 ab
1246 2593 1292 2654 ea
1346 2573 1490 2663 tedium

213 2697 461 2808 segmentum
495 2704 645 2812 penitus
674 2697 942 2815 ιιιιιιιΐιειεῑ..ί
1006 2693 1110 2784 Cum
1159 2719 1260 2782 vero
1288 2701 1337 2783 ad
1356 2702 1491 2788 urra-

209 2826 363 2912 clidem
396 2827 548 2914 circiter
578 2829 768 2941 progressa
805 2827 895 2913 ellet
938 2829 1107 2932 umbra,
1158 2825 1435 2939 observabam,
1465 2857 1489 2919 a

214 2952 403 3066 superiori
436 2957 496 3040 sua
527 2976 669 3067 parte,
701 2957 820 3065 lpum
854 2960 1037 3041 rariorem
1068 2954 1160 3041 else.
1247 2953 1348 3039 Parti
1378 2962 1488 3045 enirn

212 3078 359 3167 lunaris
408 3082 496 3164 disci
544 3085 594 3165 ab
646 3082 784 3163 ambra
835 3105 914 3163 non
960 3078 1082 3185 tecti,
1133 3073 1275 3170 ΑΒΕ.
1300 3083 1373 3167 ab
1408 3084 1488 3170 hoc

209 3224 464 3308 momento,
494 3202 690 3315 usquead
722 3200 1013 3285 immersionem
1044 3202 1224 3307 totalem,
1242 3206 1388 3292 adnexa
1428 3213 1487 3295 vi.
1524 3286 1528 3291 .

209 3336 381 3419 debatur
408 3328 654 3442 appendicula
684 3323 834 3435 ABE,
865 3327 989 3413 ladieo
1020 3327 1397 3441 colore-splendens,
1422 3303 1571 3449 quim
1598 3306 1658 3393 Ἥ·

203 3458 397 3572 splendor
425 3459 512 3570 post
541 3458 829 3543 immersionem
861 3457 1021 3549 totalem
1053 3458 1176 3545 adhuc
1208 3484 1278 3569 per
1300 3453 1377 3542 ιο]
1389 3454 1483 3551 len·
1532 3418 1633 3517 ΕΗ

200 3586 329 3679 sibilia
359 3606 474 3692 etat,
504 3612 549 3673 ac
580 3584 709 3671 fallere
740 3586 918 3695 potuisset
947 3587 1001 3668 rei
1034 3588 1204 3697 ignarum
1228 3648 1241 3695 ,
1274 3606 1315 3673 vt
1349 3594 1481 3678 crede-

198 3735 311 3822 ret,
340 3712 491 3801 Lunam
523 3719 695 3801 nondum
729 3729 851 3798 totam
885 3714 1118 3798 obscuratam
1151 3712 1233 3799 else.
1290 3712 1376 3801 Poll
1405 3720 1478 3807 ho·

197 3868 301 3931 ram
339 3868 412 3928 ιι.
445 3865 486 3927 et
515 3847 593 3947 42¹
623 3860 687 3927 aut
736 3833 820 3946 43‘
868 3843 1019 3949 penitus
1066 3842 1307 3927 euanescebat
1337 3844 1474 3943 Luna,

189 3978 257 4061 ita
299 3988 345 4057 rt
374 3972 452 4055 sere
482 3973 671 4083 usquead
704 3968 946 4055 emerlionia
982 3970 1133 4072 initium
1184 3969 1327 4056 nullum
1357 3973 1475 4088 ipfius

185 4098 416 4212 vestigium
448 4102 489 4185 in
518 4099 633 4185 coelo
659 4098 871 4209 snperelset.

357 4290 566 4378 Momenta
597 4291 853 4377 immersionis
882 4304 925 4374 et
955 4287 1178 4375 emerfionis
1208 4289 1472 4403 maculatum,

181 4422 334 4512 minus
363 4423 484 4507 secura
515 4418 624 4521 sunt,
670 4442 788 4529 quam
819 4437 1023 4506 momenta
1070 4418 1322 4531 principalia,
1370 4420 1473 4505 initii

166 4566 176 4583 ‘
252 4542 778 4670 Tom.lX.Nou·Comm.
1053 4546 1167 4633 Rrr
1426 4564 1467 4631 et
