4534 5750
432 551 1230 685 0’0000000000000.1
1356 603 1445 699 ,οο

189 841 232 908 et
259 819 586 927 sabrinianum,
621 843 736 933 quam
769 821 899 930 frigori
929 843 1056 904 aerem
1089 817 1353 920 condensans,
1386 820 1449 900 tri-

189 950 384 1036 buendum
423 951 583 1034 videtur.
650 945 855 1032 Caeterum
888 949 918 1034 sr
947 950 1095 1032 somma
1127 943 1338 1031 barometti
1369 945 1454 1028 alti·
1603 955 1610 966 ·

191 1081 289 1161 oudo
322 1078 430 1160 buius
458 1082 549 1162 auui
579 1097 826 1186 comparetur
855 1101 945 1162 cum
981 1078 1127 1160 summa
1155 1064 1354 1158 altitudine
1383 1097 1456 1154 an·

192 1206 233 1288 ui
266 1207 701 1314 praecedentis,scilicct
735 1213 866 1310 2930,
884 1205 962 1290 saue
991 1203 1129 1312 viginti
1162 1225 1304 1287 nouem
1339 1201 1456 1312 polli-
1573 1303 1577 1310 ¹

191 1357 284 1417 cum
318 1323 568 1442 parisinorum
598 1350 640 1415 et
671 1332 782 1414 vuius
813 1352 854 1416 et
881 1332 1064 1419 dimidiae
1091 1329 1171 1415 lere
1200 1331 1341 1443 lineae,
1359 1353 1454 1440 (paee

193 1484 297 1546 0000
321 1467 505 1544 omnium
536 1459 816 1544 obseruatarom
845 1459 969 1543 adhuc
997 1458 1186 1544 maxima
1206 1460 1292 1569 esl3
1340 1460 1451 1568 adpa

195 1607 279 1691 ret,
297 1589 537 1671 altitudinem
570 1587 681 1672 herine
712 1587 800 1670 anni
833 1585 1022 1672 summam
1062 1599 1133 1672 28.
1145 1610 1219 1712 90.
1262 1586 1453 1672 minorem

193 1718 270 1800 esse
313 1713 511 1796 altitudine
541 1711 694 1797 summa
724 1717 812 1796 anui
846 1712 1104 1822 praecedentis
1144 1737 1301 1830 2912.
1333 1716 1454 1822 parti
1494 1765 1497 1768 ⁴

193 1845 266 1932 bus
303 1823 525 1922 centefimis
574 1861 646 1924 22.
679 1839 755 1925 siue
804 1839 965 1950 amplius
1007 1849 1054 1939 a}
1085 1839 1302 1928 linearum..
1346 1839 1454 1950 Ergo

35 2033 39 2048 .
193 1986 328 2056 manet
360 1965 519 2050 altitudo
553 1967 641 2053 auni
674 1967 933 2080 praeoedentie
959 1969 1140 2052 omnium
1171 1969 1297 2054 adhuc
1334 1966 1455 2052 obser·

193 2112 372 2180 vatamm
405 2093 592 2183 maxima.

345 2223 511 2311 Minima
544 2222 656 2312 leuius
689 2227 778 2312 anui
810 2227 969 2314 altitudo
1015 2229 1273 2316 barometrica
1309 2235 1380 2312 26.
1396 2253 1454 2333 4²

150 2453 153 2460 ‚
194 2350 297 2441 milri
330 2351 524 2437 obseruata
563 2355 619 2439 est
650 2354 879 2442 Decembris
914 2383 991 2463 30.
1024 2357 1067 2442 h.
1102 2385 1146 2461 9.
1184 2382 1225 2468 p.
1261 2381 1319 2440 m.
1371 2356 1462 2442 Ob·

190 2481 358 2567 lemano
405 2482 587 2592 proxime
618 2485 843 2570 antecedens
875 2484 915 2571 ln
950 2511 989 2568 a.
1020 2513 1152 2596 pm.
1186 2483 1372 2568 indicabat
1403 2484 1461 2568 ai·

193 2609 403 2696 titudinem
458 2615 525 2694 26.
542 2635 617 2712 92.
657 2633 696 2696 et
735 2614 915 2725 proxima
962 2614 1117 2724 sequens
1166 2611 1243 2696 diei
1276 2610 1461 2722 bqnemis

198 2759 275 2840 31.
296 2735 336 2824 h.
358 2761 401 2855 9.
422 2763 457 2822 a.
476 2764 534 2828 m.
556 2759 625 2845 27.
640 2763 716 2848 30.
758 2737 1006 2830 Descendita
1031 2742 1151 2830 tribus
1173 2739 1306 2824 diebus
1331 2740 1466 2849 proxi·

194 2892 267 2953 me
297 2868 599 2957 antecedentibus
629 2894 652 2957 a
688 2890 756 2971 27.
767 2896 827 2974 90
868 2867 916 2956 ad
945 2868 1045 2955 hanc
1072 2887 1245 2957 nontam
1294 2866 1465 2954 altitudi-

196 3018 294 3081 nem
346 2995 581 3103 minimam,
632 3017 672 3081 et
708 2998 836 3085 diebus
865 3000 1050 3109 proxime
1082 2995 1318 3108 sequentibus
1345 2998 1466 3083 nesus

193 3120 390 3206 adscendit
436 3121 481 3205 a‘d
531 3139 602 3223 27.
615 3146 689 3225 90.
734 3123 967 3231 celerrime,
1000 3143 1040 3207 et
1073 3148 1193 3237 porro
1223 3123 1270 3208 ad
1303 3129 1464 3210 0800.

194 3247 349 3333 Ventus
394 3246 664 3334 obstinationis
726 3270 907 3356 tempore
976 3250 1047 3331 snit
1108 3248 1465 3335 vehementissimos

191 3399 254 3459 ex
286 3370 330 3482 S,
364 3375 428 3484 qni
460 3372 537 3455 iam
583 3372 645 3456 die
682 3384 757 3458 28.
791 3372 880 3457 flare
917 3376 1081 3483 coepit,
1111 3395 1152 3459 et
1185 3382 1232 3462 ad
1261 3377 1367 3459 dnm
1404 3402 1457 3481 ³1

195 3501 475 3606 continuant,
507 3499 596 3584 licet
631 3524 709 3583 nou
741 3501 887 3611 semper
917 3524 970 3583 ex
998 3503 1133 3586 eadem
1166 3504 1360 3615 spirauerit
1380 3502 1466 3613 pla·

193 3653 276 3740 ga,
307 3626 367 3711 sed
400 3622 522 3711 modo
552 3620 580 3711 S
615 3629 737 3712 modo
769 3626 832 3711 W
863 3626 989 3712 suerit.
1042 3628 1176 3714 Procul
1204 3633 1321 3717 dubio
1352 3630 1468 3740 igitur

193 3756 302 3840 haec
333 3755 468 3864 exigua
498 3754 657 3839 altitudo
697 3753 965 3840 vehementiae
1000 3756 1106 3840 venti
1147 3759 1221 3841 etit
1260 3761 1467 3870 praecipue

185 3865 451 3967 adscribenda.
534 3880 884 3967 Thermomettum
918 3884 1078 3993 gradum
1111 3886 1248 3969 caloris
1278 3888 1467 3969 indicabat

200 4021 311 4117 148
332 4010 490 4095 cadente
524 4008 679 4119 pluuia,
719 4036 833 4121 quum
873 4036 943 4121 pec
975 4012 1078 4096 diem
1110 4012 1362 4123 copiosrsl‘rma
1394 4012 1466 4095 nix

190 4134 405 4223 cecidisset.
503 4136 603 4223 Dies
652 4140 921 4247 antecedentes
959 4156 999 4222 et
1030 4139 1224 4250 sequentes
1252 4158 1358 4226 erant
1389 4138 1467 4223 iere

192 4265 323 4351 nubili
356 4280 400 4353 et
429 4264 563 4351 niuoii.
615 4266 789 4351 Variatio
819 4265 953 4353 caloris
983 4286 1065 4350 erat
1093 4268 1189 4353 intra
1220 4269 1463 4383 gradesusassi

195 4412 245 4478 et
286 4414 387 4497 173,
420 4392 482 4507 qui
515 4394 646 4503 gradus
676 4396 738 4478 die
770 4416 825 4496 27
862 4395 1008 4505 uesperi
1041 4394 1137 4478 milri
1184 4414 1335 4482 notatus
1382 4395 1440 4481 est
1451 4441 1472 4499 1,

195 4544 308 4637 qnae
339 4523 451 4637 igitur
480 4522 683 4638 temperiei
719 4527 882 4607 mutatio
914 4524 998 4605 saris
1026 4522 1143 4607 subita
1174 4542 1217 4607 et
1249 4546 1405 4633 magua.

838 4650 1012 4737 Eece
1353 4646 1472 4770 Qtod
