4534 5750
196 547 199 554 ’
272 533 735 634 ousnnaattouus
766 536 1338 638 Mannouotootcan
1367 485 1456 654 4ot
1538 497 1542 503 ’

343 769 633 857 Obstmatioues
677 767 1019 878 thermometricae
1059 771 1126 860 hic
1159 791 1312 860 notatae
1342 776 1464 861 vatia·

192 903 339 989 tionem
372 901 509 986 caloris
539 923 609 1010 pet
637 898 801 1012 singulos
830 902 975 990 menses
1007 905 1125 988 totius
1155 906 1243 990 anni
1277 904 1463 1017 indicant,

192 1030 336 1118 scilicet
367 1031 501 1138 gradus
535 1032 731 1114 maximos
759 1050 800 1113 et
830 1033 1016 1131 minimos
1060 1030 1200 1118 caloris
1245 1057 1338 1118 cum
1390 1057 1463 1116 eo.

192 1186 279 1246 rum
312 1158 564 1262 differentiis,
596 1158 702 1242 unde
729 1155 923 1246 summum
957 1159 1070 1270 frigus
1099 1180 1144 1245 et
1173 1164 1366 1247 maximus
1397 1183 1464 1248 ct·

191 1288 252 1373 lot
284 1290 401 1376 totius
431 1287 525 1373 auni
554 1307 647 1370 cum
677 1284 894 1372 variatione
922 1311 1046 1373 annua
1079 1291 1331 1401 cognoscitur.

346 1515 567 1604 Adnotatur
597 1532 637 1599 et
668 1512 758 1623 hic,
786 1539 876 1603 cum
911 1515 1072 1602 summis
1105 1474 1163 1602 ef
1179 1515 1325 1603 infimis
1355 1516 1467 1601 calo·

194 1644 246 1732 tis
274 1647 447 1757 gradibus
476 1643 638 1749 annuis,
671 1643 785 1727 slatus
816 1647 1049 1755 tempestatis
1075 1670 1168 1740 cum
1212 1643 1462 1729 antecedente

192 1794 234 1858 et
263 1775 546 1880 consequente,
588 1783 750 1854 etcum
782 1769 1039 1881 altitudinibus
1070 1772 1368 1883 batometticis,
1417 1788 1461 1858 tt

191 1898 323 1984 ethic
355 1896 493 1982 relatio
522 1893 828 1982 obseruationum
862 1899 1265 1987 thermometticatum
1296 1901 1346 1984 ad
1390 1899 1462 1984 ba·

191 2025 419 2142 cometricas
448 2045 490 2110 ct
520 2025 659 2110 statum
688 2023 924 2137 tempestatis
947 2024 1142 2113 elucescat.
1246 2135 1252 2149 ¹

307 2236 597 2340 obseruationes
612 2251 720 2364 hasce
736 2281 889 2369 quoque
908 2253 1106 2342 secundum
1123 2251 1263 2341 scalam
1282 2216 1462 2340 thermo}

190 2383 308 2472 metti
326 2379 560 2466 Desilianam
591 2379 668 2468 else
697 2383 823 2494 stelas,
854 2385 916 2471 vti
947 2384 1235 2486 antecedentes,
1261 2384 1331 2466 vix
1362 2405 1459 2492 opus

188 2507 269 2595 eise
287 2510 436 2594 uidetm
462 2533 637 2603 monere.
671 2509 818 2598 Iudicat
843 2515 1028 2600 nimitum
1045 2509 1136 2595 cista
1152 2511 1334 2595 nullitatis
1351 2529 1458 2614 nota,
1491 2553 1494 2558 ·
1588 2591 1596 2612 ,

186 2638 351 2748 gradum
385 2638 519 2722 caloris
548 2663 668 2751 aquae
705 2640 924 2749 bullientis,
957 2660 997 2725 et
1028 2663 1209 2726 numerus
1247 2660 1333 2744 150
1362 2660 1456 2750 pun·

186 2767 299 2854 &um
329 2766 636 2881 congelatioais,
668 2771 774 2885 quod
807 2775 885 2856 iam
915 2770 999 2856 satis
1030 2789 1189 2878 notum.

329 2991 511 3106 Denique
541 2998 738 3108 sequuntur
768 3019 936 3088 meteora
972 2994 1188 3105 insigniora,
1207 2992 1346 3081 seilicet
1362 3020 1458 3081 uen-

183 3119 218 3204 ti
251 3118 588 3233 vehementiores,
620 3125 813 3233 nebulae,
847 3125 1033 3235 pluuiae,
1072 3126 1213 3230 niues,
1244 3119 1460 3235 gnandincs,

182 3265 354 3333 tonitrua
403 3274 493 3334 cum
542 3250 794 3354 fulminibus,
842 3250 984 3359 sulgum
1015 3267 1095 3331 etc.
1127 3275 1221 3360 quae
1253 3254 1389 3335 omnia
1435 3254 1458 3336 a'

179 3366 394 3485 vaporibus
442 3393 482 3460 et
532 3375 837 3463 exhalationibus
873 3378 914 3461 in
961 3374 1269 3487 atmosphaeram
1300 3376 1458 3462 adsten-

177 3504 363 3589 denobus
394 3525 435 3588 et
466 3505 772 3590 descendentibus
801 3506 993 3616 originem
1036 3503 1215 3614 trahere,
1262 3525 1303 3588 et
1333 3490 1460 3589 dinen
1495 3607 1504 3633 ,

179 3632 243 3717 sas
289 3632 532 3743 tempestates
561 3630 716 3719 efficere
754 3634 910 3719 constat.
978 3630 1182 3718 Eiusmodi
1222 3633 1458 3718 obseruatio-

98 3812 100 3816 ·
180 3782 256 3844 nes
286 3778 326 3845 et
357 3758 663 3872 Meteorologiae
690 3760 953 3849 emendandae
983 3754 1023 3844 el
1056 3758 1320 3871 perficiendae
1343 3764 1458 3848 inser·

177 3889 293 3996 vire,
324 3891 450 3974 notius
480 3889 564 3993 est,
598 3916 712 4002 quam
743 3909 789 3977 ut
823 3890 975 3977 moneri
1006 3888 1156 3974 debeat.
1553 3894 1559 3903 '

172 4174 204 4262 s
246 4173 271 4260 d
327 4044 596 4161 Ptogredimua
646 4050 760 4164 igitur
807 4052 856 4139 ad
894 4052 990 4165 ipsas
1019 4026 1299 4135 obseruationes
1326 4074 1481 4137 recen-¹

191 4198 245 4259 en
273 4198 324 4262 as.

325 4322 393 4412 Ad
442 4324 723 4415 obseruationes
771 4330 1046 4417 barometricas
1095 4324 1205 4413 nnus
1230 4325 1323 4418 anni
1353 4328 1466 4452 quod·
1608 4390 1614 4397 -

177 4447 357 4563 attinet,
388 4451 473 4540 illae
505 4450 719 4566 sequentem
750 4459 791 4545 in
822 4468 986 4549 modum
1019 4458 1056 4552 se
1090 4455 1261 4550 habent:
1310 4526 1315 4535 .
1408 4545 1415 4570 ,

216 4598 763 4716 ιΤοιιιίὶίῶλοιι.Εοιιιηι.
982 4602 1082 4694 Eee
1336 4596 1454 4689 Men·
1589 4725 1594 4737 ι
