4534 5750
351 561 699 662 astronom.
742 571 820 662 nr
844 573 1217 664 moruorum
1302 591 1389 685 481

138 825 200 890 eta
233 795 407 913 plueret,
444 799 681 886 continuauit
730 803 924 912 usquead
974 802 1014 887 d.
1052 815 1126 889 28.
1158 799 1277 905 Iulii,
1323 827 1403 914 quo
1464 847 1467 855 ·

138 931 229 1018 hor.
262 955 304 1031 3.
332 954 373 1038 p.
394 951 452 1012 m.
469 928 793 1016 thetmometrum
824 929 947 1014 adhuc
971 932 1156 1014 indicabat
1180 938 1277 1018 106.
1294 932 1432 1039 grad·
1461 991 1471 1014 .

137 1057 178 1140 T
178 1083 244 1142 am
274 1053 435 1140 diuturni
466 1054 621 1148 aestua.
653 1081 769 1168 quem
802 1057 904 1141 nulla
937 1057 1015 1141 sere
1046 1060 1213 1140 tonitrua
1245 1057 1308 1140 hic
1326 1059 1404 1142 loci

138 1182 449 1289 comitabantur,
478 1184 695 1269 recordatio
723 1207 804 1268 non
832 1203 954 1269 extat.
1018 1184 1203 1269 Fertilitas
1232 1202 1314 1268 erat
1330 1183 1429 1269 flua.
1589 1239 1595 1244 -
1700 1189 1711 1200 “

138 1312 293 1424 gulam,
321 1329 362 1396 et
390 1310 514 1394 melin
542 1311 753 1397 admodum
786 1312 904 1422 larga.
967 1308 1014 1394 In
1042 1309 1103 1394 bis
1133 1311 1402 1396 obseruationi-

137 1441 209 1524 bus
237 1436 560 1523 thermometrum
591 1437 811 1523 memoriale
842 1465 865 1522 a
896 1433 982 1522 Cel.
1018 1435 1063 1521 D
1107 1431 1281 1525 Zeiberu
1310 1463 1404 1521 con.

137 1564 323 1664 strudum
357 1565 560 1652 leeundum
591 1565 815 1650 dioillonem
845 1566 893 1650 de
922 1555 1023 1652 l’l‘sle
1052 1563 1118 1649 sub
1157 1561 1404 1652 circumstan-

101 1691 204 1781 tiu
231 1691 340 1803 supra
368 1693 504 1776 notatis
533 1691 720 1796 adhibui,
750 1694 851 1802 qnod
890 1715 963 1802 pet
1000 1684 1041 1776 Z
1081 1691 1248 1798 lignabo.

352 1816 463 1900 Anno
499 1816 741 1927 1758.fly1.
771 1839 850 1902 rou
882 1817 922 1902 d.
960 1840 1031 1903 ro.
1065 1817 1178 1904 lunii.

253 1943 325 2028 Per
355 1958 515 2054 quatuor
543 1941 678 2026 abhinc
696 1942 955 2028 hebdomades
985 1944 1211 2052 tempestate
1231 1940 1404 2053 plerum·

134 2095 214 2182 qne
244 2073 369 2156 serena
400 2087 441 2152 et
472 2067 565 2154 licea
595 2069 695 2154 finiti
726 2068 881 2182 sumus,
927 2067 1088 2179 spirante
1120 2087 1273 2171 vento,
1323 2093 1404 2154 ma-

133 2199 213 2284 iori
260 2224 310 2283 ex
363 2215 472 2302 parte
495 2258 509 2307 ,
536 2197 622 2282 uel
669 2196 851 2302 boreali,
882 2194 947 2280 uel
974 2195 1182 2309 orientali,
1236 2219 1306 2278 nec
1335 2197 1403 2282 nih

132 2325 176 2409 d.
200 2347 276 2422 aa.
296 2325 393 2410 Maii
427 2321 561 2432 pluuia·
583 2321 760 2406 nonnihil
791 2320 946 2434 copiosa
983 2322 1138 2407 decidit.
1202 2317 1305 2406 Cum
1336 2345 1402 2406 uo·
1496 2423 1509 2440 ,
1542 2379 1546 2386 -

131 2475 184 2538 ro
214 2471 305 2540 ante
332 2450 479 2559 aliquot
505 2450 589 2534 dies
616 2439 749 2536 ventui
778 2473 831 2532 ex
861 2447 1061 2534 occidente
1091 2447 1226 2560 spirare
1258 2450 1404 2560 incipe-

127 2595 198 2662 ret
220 2643 232 2686 ,
256 2579 363 2664 calor
388 2577 682 2688 atmolphaetae
710 2575 861 2686 infignia
889 2578 994 2686 cepit
1024 2576 1297 2688 incrementa,
1336 2574 1402 2686 q'ui

129 2704 257 2790 hodie
284 2705 559 2818 pomeridianis
588 2703 729 2813 horit,
767 2702 884 2786 coelo
914 2700 1077 2792 sereno.
1126 2704 1299 2786 maxime
1329 2725 1403 2784 ex·

127 2836 407 2922 traordinarios
433 2852 476 2916 et
505 2829 618 2917 sensui
659 2834 733 2917 uix
781 2829 987 2915 tolerabilis
1035 2829 1285 2941 deprehensus
1333 2829 1402 2916 eli.

125 2951 669 3065 ulimmerianum
702 2967 743 3043 in
769 2954 862 3043 loco
893 2954 1078 3045 umbroso
1108 2957 1216 3069 supra
1265 2974 1404 3042 notato

124 3088 314 3197 tepolitia
339 3087 528 3193 sequentia
559 3088 758 3171 annotaui.

324 3213 494 3293 Therm.
513 3202 556 3290 Z
1170 3205 1372 3295 Therml

129 3325 301 3437 ῥόδ’.
400 3344 480 3435 98}
656 3375 679 3397 ι.
792 3375 818 3397 -
930 3373 956 3395 -
1068 3376 1089 3399 ι
1202 3374 1310 3395 ...-

74 3516 85 3537 .
129 3486 177 3563 3,
239 3488 284 3549 2,
399 3444 517 3563 9937
544 3458 660 3539 nubes
689 3456 853 3567 exiguae
884 3482 951 3568 per
982 3474 1083 3543 tem·
1204 3500 1310 3521 --

127 3638 159 3656 ..
242 3604 288 3679 3,
404 3611 464 3699 99
541 3608 609 3693 pus
625 3584 809 3691 exiguum
843 3585 1031 3669 interdum
1202 3600 1310 3685 1002

127 3767 155 3787 .
211 3742 286 3821 14,
403 3740 463 3816 99
493 3712 776 3833 3occultabant
806 3706 940 3795 Solem
1194 3720 1306 3808 1002

1082 3884 1100 3905 ·
1199 3840 1307 3937 100}

272 4237 642 4439 ‘Thetrhhlnetrum
674 4335 716 4431 Z
748 4346 801 4431 ob
832 4344 993 4440 bulbum
1041 4348 1234 4433 minorem
1286 4280 1406 4435 viria.

125 4488 264 4573 tiones
318 4480 452 4564 caloris
498 4476 638 4561 facilius
685 4475 860 4589 recipit,
905 4500 1030 4587 ⁸quarn
1079 4472 1318 4563 Thermum.
1370 4476 1405 4561 1.

197 4598 717 4699 uomlxtuoucomm.
935 4600 1055 4714 Ppp
1302 4600 1403 4688 Hor.
