4534 5750
596 560 1025 686 *woltra*
1173 696 1176 701 ,
1424 589 1456 680 7
1635 732 1639 739 ¹

175 798 327 889 mmeri
356 792 493 907 integri
524 796 797 911 defiduentur,
809 795 876 909 qui
904 796 978 883 irnc
996 792 1233 910 proprietate
1253 796 1455 910 madeant,

176 934 310 1019 solutio
342 931 469 1013 modo
497 930 584 1013 data
616 926 717 1012 nibil
748 926 922 1014 utilitatis
947 926 1082 1033 affert,
1100 952 1192 1013 rum
1223 950 1299 1039 pro
1322 942 1456 1043 perp
1592 986 1603 1003 .
1668 1050 1672 1058 .

176 1058 366 1149 eiusmodi
399 1058 547 1142 numeri
575 1050 715 1143 assumi
741 1055 944 1163 deberent,
961 1073 1008 1141 ut
1042 1081 1067 1137 a
1075 1072 1137 1171 pq
1162 1054 1351 1144 dlulfibile
1382 1056 1456 1143 fie-

151 1210 235 1279 ·ret
265 1200 575 1303 per-pp-aqq‚
606 1186 712 1299 quod
754 1210 837 1271 non
863 1188 998 1271 minus
1028 1186 1086 1272 est
1116 1182 1304 1295 difficile,
1334 1210 1455 1301 quam
1598 1192 1604 1217 ·’

177 1321 302 1433 ipsum
335 1316 542 1431 problema
559 1384 573 1427 ‚
590 1308 652 1401 ¹de
683 1336 762 1427 quo
802 1316 946 1427 agitur.
1010 1310 1171 1399 Interim
1198 1334 1334 1399 tameo
1381 1314 1457 1403 bac

178 1450 399 1537 conditione
430 1444 582 1533 adludit
609 1442 813 1557 problema
842 1445 1057 1529 etiamnum
1098 1441 1238 1553 recipit
1271 1444 1457 1531 innume·

178 1603 233 1665 ras
264 1577 509 1681 solutiones,
538 1592 592 1661 at
618 1574 771 1659 numeri
803 1598 880 1688 pro
911 1598 943 1660 x
988 1574 1199 1659 assumendi
1248 1569 1324 1659 hac
1368 1574 1459 1687 lege

176 1710 407 1820 procedunt:
428 1729 476 1813 0,
501 1728 557 1799 2.
581 1726 660 1808 ra,
679 1724 763 1808 70,
785 1715 893 1810 408,
914 1716 1059 1811 2378,
1081 1710 1260 1811 13860,
1279 1718 1355 1789 etc.
1389 1703 1458 1795 tbi

176 1839 363 1922 contiuuo
395 1832 551 1947 sequens
578 1852 757 1946 aequatur
786 1832 966 1945 sextuplo
997 1832 1130 1918 ultimi
1156 1832 1298 1919 demto
1313 1832 1456 1946 penul·

175 1966 308 2075 timo,
341 1963 557 2050 cuiusmodi
584 1963 696 2047 serias
725 1965 860 2048 uocari
890 1961 1014 2046 solent
1049 1977 1318 2067 recurrentur,
1348 1962 1453 2049 tude

174 2094 330 2181 euidens
361 2093 451 2201 est,
482 2094 620 2180 lranrm
651 2090 886 2177 solutionum
921 2088 1208 2174 multitudinem
1242 2087 1322 2171 esse
1345 2086 1457 2183 juli.

169 2224 330 2329 tritam,
359 2221 509 2307 etiamst
538 2218 726 2304 continuo
756 2219 875 2301 rarius
903 2235 1118 2301 occurrant.
1167 2211 1361 2324 ‚Ideoque
1399 2222 1458 2304 su·

165 2350 250 2435 elle
282 2346 540 2455 intelligitur,
575 2368 715 2428 eurum
751 2342 1020 2429 inuentiouem
1049 2338 1181 2429 multo
1224 2341 1351 2455 magis
1377 2341 1460 2432 effi
1581 2346 1635 2375 ³
1780 2366 1788 2379 ·

163 2474 410 2683 ιτάωηὲεῐ.
438 2596 589 2685 Ᾱιιᾶοτ
616 2595 732 2684 buius
763 2591 1030 2683 dissertationis
1063 2592 1297 2687 methodum
1331 2526 1458 2716 'parmv

165 2728 307 2819 frarem
340 2727 507 2839 exponit
538 2724 762 2813 huiusmodi
790 2724 1035 2838 problemata
1068 2724 1178 2815 facile
1206 2728 1458 2841 resolueudi,
1620 2828 1624 2836 Ι

170 2858 305 2973 quibus
333 2855 374 2942 in
402 2878 544 2968 genere
572 2854 708 2941 omnis
739 2856 889 2942 numeri
920 2854 1061 2968 integri
1094 2881 1169 2968 pro
1192 2883 1224 2945 x
1244 2858 1458 2952 assumendi

171 3005 413 3100 mactantur,
432 3002 478 3071 ut
493 2981 593 3070 haec
610 2982 776 3070 formula
793 2985 1131 3103 axx-npx-«p
1154 2989 1456 3078 madatnumu-

172 3141 235 3202 rus
264 3115 493 3228 quadratur,
520 3113 614 3200 dum
653 3141 717 3226 u,
750 3115 873 3229 β,γ
911 3114 1098 3200 denotant
1129 3140 1314 3204 numeros
1340 3145 1457 3232 quor·

171 3267 321 3356 cunque
347 3243 471 3330 datos.
535 3240 614 3325 Vbi
644 3239 964 3354 primoquidem
1005 3239 1201 3353 obseruar,
1216 3247 1453 3336 solutionem

172 3395 254 3458 non
282 3369 488 3472 strumae,
505 3367 575 3457 oisl
609 3397 639 3454 α
672 3369 718 3458 stt
749 3394 931 3456 numerus
959 3369 1142 3482 posrtiuus
1170 3397 1251 3458 uon
1290 3377 1456 3490 quadra·

174 3515 264 3602 tus,
290 3517 377 3584 tum
408 3519 509 3583 uero
538 3497 684 3585 necesse
714 3498 821 3606 esse,
843 3515 896 3592 ¹rt
923 3521 1001 3582 una
1032 3498 1164 3583 dltem
1195 3498 1331 3589 solutio
1369 3505 1454 3591 iam

173 3625 321 3713 aliunde
351 3625 398 3712 fit
430 3625 619 3738 cognita,
666 3623 881 3710 cuiusmodi
919 3624 1062 3712 solutio
1097 3625 1214 3714 uuita
1246 3629 1371 3718 statim
1402 3649 1455 3720 ac

171 3753 381 3869 fipraello
410 3753 554 3862 firerlt,
586 3752 921 3865 quemadmodum
953 3753 1045 3841 iude
1093 3777 1234 3844 omnen
1279 3759 1454 3872 reliquae

170 3883 211 3970 iu
230 3933 235 3942 ·
251 3881 451 3971 infinitum
491 3882 654 3967 inueniri
701 3903 882 3994 queant,
922 3881 1120 3996 perspicue
1153 3885 1285 3975 docet.
1345 3883 1454 3978 Cum

170 4026 302 4100 autem
335 4011 414 4098 hou
441 4010 645 4124 problema
674 4010 754 4099 iam
780 4010 877 4098 alibi
909 4011 955 4096 fit
972 4010 1262 4128 perrradtatum,
1275 4015 1343 4105 etsi
1366 4042 1455 4106 me·

170 4139 299 4228 rhodo
332 4141 460 4228 minut
490 4140 738 4256 commoda,
770 4141 925 4228 Artior
940 4141 1020 4229 bic
1042 4142 1240 4255 inprimit
1265 4165 1453 4238 narrum

168 4265 400 4356 huiuamodi
431 4269 718 4385 problematum
751 4272 958 4360 accuratius
987 4271 1273 4390 parscmratnr,
1300 4297 1344 4361 et
1363 4273 1458 4360 cri

168 4398 269 4486 teria
304 4398 440 4512 elicit,
472 4399 610 4514 quibua
633 4399 882 4514 problemata
914 4399 1027 4492 buu
1056 4403 1208 4512 genem
1233 4399 1453 4513 imposibi-

164 4527 225 4619 lia
249 4553 279 4620 a
302 4524 545 4648 petibilibus
570 4529 951 4654 dmirgrdpoffunt.
1008 4525 1239 4626 tremam
1254 4528 1456 4619 rsrilirernr
1592 4605 1596 4613 ,

584 4701 588 4709 ·
1310 4680 1455 4748 mo·
