4534 5750
334 497 896 603 MiCROSCOPH
942 496 1289 611 somnis.
1354 536 1440 619 82¹

183 736 399 854 praeditis,
447 764 495 827 rc
540 737 809 827 nnimlrtione
856 738 959 825 inter
998 737 1036 846 fe
1074 736 1240 844 iunilis,
1289 741 1451 829 constru-

182 869 364 957 Exhibet
411 868 575 983 ipsarum
625 873 793 981 prima·
812 928 828 975 ,
848 944 855 957 .
877 870 963 981 fig.
1014 894 1055 951 1.
1106 888 1149 953 et
1192 894 1243 977 2,
1291 872 1450 953 alteram

184 998 273 1107 fig.
304 1026 347 1101 3.
378 1017 421 1082 ct
451 1024 495 1101 4„
530 998 668 1110 Figura
699 1018 826 1099 autem
855 1005 902 1081 6.
935 996 1029 1107 iphs
1058 996 1171 1101 sulit,
1205 1017 1248 1083 et
1278 999 1372 1083 iuter
1400 999 1451 1106 fe,

181 1144 227 1211 er
253 1128 521 1238 micmfuopio
552 1127 683 1211 debita
713 1128 861 1213 ratione
889 1126 1048 1212 iuniius.

337 1255 507 1341 Paccium
557 1256 710 1340 illerum
757 1255 868 1363 prior
913 1252 1020 1347 AB.
1057 1254 1140 1365 Fig.
1180 1280 1221 1342 1.
1249 1275 1292 1339 er
1325 1282 1370 1347 e,
1398 1277 1451 1339 ex

180 1370 370 1467 anteriori
414 1400 523 1493 purte
570 1381 899 1467 afferrumimtum
936 1384 1036 1493 gerit
1065 1385 1284 1491 cylindrum
1314 1402 1471 1469 cauum¹

177 1511 448 1597 orichalceum
474 1512 549 1618 ab,
581 1510 723 1597 lineum
775 1509 926 1593 circiter
975 1512 1127 1619 murm,
1176 1512 1238 1598 cui
1287 1515 1452 1596 exterius

174 1638 298 1725 incise
324 1639 385 1723 est
411 1636 575 1761 cochleu
599 1662 715 1745 mas,
761 1660 860 1747 quae
889 1636 1042 1747 quidem
1072 1638 1228 1724 cochlea
1270 1640 1455 1724 inseruit,
1551 1654 1557 1659 ’

177 1767 380 1876 inungendo
427 1764 681 1849 inllmcnenm
731 1788 857 1875 meo,
905 1764 1167 1877 microfcopio
1183 1823 1208 1873 ,·
1229 1768 1320 1851 loco
1353 1790 1449 1849 con·

173 1896 303 1979 fuetue
334 1893 531 1979 lenticulae
559 1892 787 1979 obiefliucc.
852 1892 959 1977 Area
987 1895 1261 1999 circularium
1289 1894 1364 1978 hoc
1382 1915 1453 1999 cy-

171 2020 309 2107 lindro
334 2019 645 2133 comprehensu,
675 2020 816 2131 duplici
845 2021 1037 2106 foramine
1070 2021 1213 2133 pertufr
1244 2021 1332 2131 cst;
1389 2023 1455 2105 iu·

173 2148 327 2255 serius,
361 2149 624 2237 feuricirculuri
654 2174 690 2251 c,
720 2150 825 2233 cuius
852 2148 1010 2256 rudius,
1040 2150 1150 2235 radio
1179 2175 1287 2234 arene
1313 2172 1454 2259 acquu-
1617 2196 1621 2203 ι

170 2275 260 2391 lis;
310 2280 503 2389 superius,
550 2276 722 2363 circulari
768 2276 839 2381 A,
887 2278 993 2363 cuiue
1037 2278 1224 2364 diameter
1272 2273 1452 2361 diametri

174 2430 293 2491 areae
311 2408 470 2493 dimidiu
487 2407 539 2489 ell
555 2400 639 2510 (il).
707 2404 910 2491 Posteriori
943 2404 1033 2491 huic
1065 2406 1245 2491 foramini
1278 2405 1452 2489 inseritur

170 2533 261 2617 lens
296 2536 484 2621 obiecriua
516 2536 553 2641 d,
583 2558 679 2644 quae
708 2534 747 2619 iu
777 2534 1059 2640 iustrumcnm,
1092 2538 1194 2647 quod
1228 2558 1348 2643 nuper
1378 2551 1452 2643 pu·

171 2664 253 2747 ruri
294 2664 398 2770 leci,
450 2665 582 2748 focum
614 2662 758 2765 habet,
818 2685 841 2765 5
877 2668 1005 2748 rut6
1055 2664 1205 2748 circiter
1251 2662 1449 2745 linearum.

165 2786 346 2876 inferius
394 2791 610 2878 inuenitur
659 2790 746 2874 huic
788 2793 882 2902 parti
912 2791 1127 2876 articulario
1159 2795 1211 2896 Α,
1240 2791 1344 2878 cuius
1374 2811 1454 2902 ope

166 2919 293 3002 alteri
327 2925 457 3030 parri,
490 2945 586 3005 mox
618 2918 897 3026 describendae,
931 2923 1122 3028 iungitur,
1156 2920 1320 3030 superius
1352 2943 1452 3002 vero

167 3046 385 3130 brachium
420 3044 497 3130 CB
526 3071 721 3130 annexum
769 3048 894 3156 gerit,
946 3049 1067 3130 reclus
1113 3073 1136 3132 e
1183 3045 1453 3158 pernotum,

166 3196 249 3288 per
284 3177 387 3284 quod
436 3175 606 3259 foramen
657 3175 807 3258 cochlea
823 3174 896 3288 se,
930 3175 1012 3282 Fig.
1050 3181 1094 3256 6.
1132 3195 1261 3260 tranen
1278 3175 1420 3259 itrirur.

336 3299 510 3390 Secunda
543 3302 780 3406 instrumenti
817 3325 931 3408 paru,
964 3296 1082 3405 ΑΒ,
1117 3301 1202 3408 fig.
1239 3323 1281 3398 3.
1313 3325 1353 3383 et
1382 3332 1451 3410 4,

159 3431 321 3516 itidem
353 3433 537 3518 circularis
566 3429 650 3532 cll,
683 3428 952 3538 fmilemque,
985 3453 1028 3512 uc
1054 3429 1161 3536 prior
1188 3430 1454 3532 ,articulario-

161 3585 266 3646 ncm
307 3581 352 3642 ct
386 3559 583 3644 brachium
618 3581 813 3641 annexum
844 3555 972 3641 habet.
1033 3555 1230 3642 Auteciori
1262 3557 1376 3666 ipfrus
1393 3557 1452 3644 fu·

160 3687 361 3799 perficiei
412 3689 741 3770 uilerruminutum
793 3683 847 3768 cll
897 3683 1089 3793 speculum
1141 3686 1301 3794 planum
1350 3685 1454 3797 ab,
1499 3742 1501 3745 -
1641 3708 1644 3713 ·
1751 3683 1758 3701 ⁸

159 3835 231 3902 nur
262 3816 546 3922 metallicum,
579 3831 643 3898 aut
673 3811 874 3920 vitreum,
905 3813 1000 3898 nihil
1032 3813 1138 3898 enim
1169 3813 1310 3918 refert,
1340 3812 1452 3925 quale

1371 3942 1451 4028 hoc

156 4147 225 4248 (⁴)
252 4158 335 4224 Pro
358 4150 510 4224 arcendis
533 4149 642 4226 radiis,
655 4149 786 4220 lentem
803 4143 887 4219 iusto
900 4145 1064 4245 obliquius
1075 4148 1350 4247 permeantibus,
1372 4175 1451 4223 con·
1615 4204 1620 4222 ,

213 4253 354 4333 «lucit,
375 4269 413 4325 vt
436 4277 454 4323 u
476 4267 573 4350 parte
596 4248 722 4348 postica
744 4245 1015 4321 ufferruminetur
1038 4249 1116 4322 huic
1137 4252 1291 4325 foramini
1312 4250 1449 4324 tubulus

214 4353 469 4433 orichalceus,
491 4351 645 4440 eiusdem
667 4351 820 4424 diametri
853 4373 931 4424 curn
963 4351 1148 4436 foranine,
1180 4359 1199 4443 ξ
1230 4371 1288 4427 aut
1318 4361 1337 4454 ξ
1367 4351 1450 4455 poll

211 4459 373 4528 circiter
393 4456 525 4551 longus.
1363 4503 1367 4512 -

233 4579 760 4676 Tom.lX.Nou.Comm.
1047 4581 1110 4678 Sc
1168 4559 1173 4564 ’
1312 4551 1317 4562 ’
