4534 5750
462 625 468 639 .
679 488 1117 590 PlSClVM.
1426 493 1515 611 ῶς

255 706 732 845 lapoiorlsext'remitate
762 709 895 814 sertim
927 713 974 816 'ac
1002 715 1134 841 leuiter
1161 651 1322 814 alceudi'r
1351 729 1400 815 arl
1417 715 1527 840 quar·

253 877 337 947 tum
369 859 472 947 dorli
503 859 701 958 aculeum,
718 854 781 940 seu
811 855 983 966 primurn
1016 857 1161 968 pinnae
1185 843 1337 940 dorsalia
1372 857 1522 944 radium

251 1009 401 1101 mua,
431 1003 474 1071 rt
501 986 552 1071 ab
579 984 657 1077 hoc
687 983 846 1070 caudato
880 981 1003 1069 rerlrra
1035 981 1205 1070 liuriliter
1239 983 1466 1096 destertuit,
1498 1009 1523 1070 a

251 1115 428 1206 maxillae
460 1111 648 1199 inferioris
676 1111 920 1200 extremitato
968 1134 1064 1203 vero
1108 1107 1185 1202 leui
1234 1113 1299 1195 sub
1348 1111 1522 1198 descensu

91 1329 95 1336 ,
252 1244 391 1355 plnoaa
421 1241 521 1354 petit
551 1236 737 1326 reotrrles
759 1298 774 1342 ,
796 1238 846 1322 ab
877 1235 936 1320 his
965 1233 1105 1323 reeiiue
1136 1239 1370 1348 progreditur
1401 1263 1521 1349 usque

251 1370 301 1454 ad
330 1394 483 1478 auum,
514 1387 556 1457 at
587 1368 635 1454 ab
666 1365 745 1449 lroc
778 1365 938 1447 audam
971 1366 1093 1451 versus
1121 1363 1252 1448 leosrm
1287 1390 1332 1448 ac
1381 1364 1520 1451 leuiter

250 1495 427 1612 ascendit.
509 1495 654 1606 Margo
692 1489 791 1577 dorsr
831 1490 881 1575 ab
910 1493 1079 1604 occipite
1126 1489 1299 1604 primum
1349 1492 1518 1578 aculeum
1581 1490 1587 1504 ’

249 1613 388 1709 retua-
404 1619 622 1712 conr‘raeius
652 1643 698 1701 ac
728 1617 970 1730 promluulua
1007 1619 1076 1707 eil.
1159 1615 1298 1704 Latera
1344 1617 1519 1732 corporis

250 1747 336 1836 satis
362 1763 553 1831 connexa.

397 1970 528 2088 caput
556 1959 733 2088 utrinque
763 1965 1056 2090 eompreffum,
1095 1965 1257 2085 superne
1308 1967 1521 2087 plantaret?

246 2100 364 2211 lam,
391 2105 515 2188 carirra
554 2100 853 2214 longitudiuali,
897 2091 966 2216 pet
1003 2097 1174 2187 medium
1207 2104 1399 2188 verticem
1446 2109 1517 2188 du·

243 2229 342 2319 aa,
375 2227 598 2341 superficiali
629 2247 810 2329 notatum
829 2290 849 2348 ,
876 2228 1152 2340 alepidotum,
1201 2225 1406 2334 glabrum,
1446 2253 1518 2314 oc·

248 2353 383 2466 cipitia
413 2373 561 2441 tanturn
593 2373 785 2468 utrrusque
814 2355 939 2440 lateris
968 2353 1111 2465 angulo
1139 2371 1181 2436 et
1210 2352 1328 2462 spatio
1360 2354 1433 2440 illo
1463 2350 1517 2440 se·

244 2481 457 2590 milunari,
487 2481 731 2590 musculoso,
762 2481 914 2569 oculum
943 2483 1048 2566 inter
1077 2497 1120 2564 et
1150 2481 1378 2589 operculum
1409 2485 1518 2568 bran·

244 2607 422 2700 citiarum
452 2609 560 2720 fito,
590 2612 800 2724 exceptis,
829 2609 1028 2720 squamulis
1044 2603 1301 2692 minutilllrrris
1316 2609 1518 2696 instruitis.
1568 2670 1572 2681 r

256 2829 262 2840 ’
382 2839 443 2929 Os
473 2833 796 2946 obulusculurrr,
843 2848 1014 2949 apertura
1045 2831 1201 2942 oblique
1231 2830 1406 2921 deorsum
1438 2831 1520 2952 lpef

120 3063 125 3077 ,
244 2962 391 3050 dante.
472 2964 693 3057 Maxillae.
723 2989 793 3050 ore
820 2964 974 3070 chuia,
997 2962 1083 3043 latia
1125 2958 1332 3067 aequales,
1380 2979 1519 3071 aperto

241 3109 373 3179 autem
405 3089 560 3210 inlerior
590 3088 779 3197 superiore
810 3089 928 3197 paulo
958 3084 1142 3195 longior;
1175 3084 1407 3201 eaedemque
1423 3088 1516 3173 deu·

237 3213 380 3303 ticellis
409 3211 528 3298 acutis
547 3267 561 3314 ,
579 3204 849 3301 'minutiillrnia
877 3207 1034 3293 interius
1068 3207 1324 3315 exasperatae.
1411 3312 1413 3317 Ι

348 3426 549 3559 ,Narium
581 3430 804 3543 foramina,
829 3425 912 3519 oria
950 3444 1163 3535 extremo,
1213 3455 1328 3545 qrrarn
1360 3433 1513 3542 oculis,

234 3562 360 3678 patilo
389 3560 606 3675 propiora,
634 3562 811 3671 atrioque
840 3563 950 3668 duo,
984 3559 1049 3645 sabi
1077 3552 1244 3643 inuicem
1275 3560 1391 3646 valde
1418 3584 1508 3673 pro·

235 3695 418 3804 pinqra,
456 3686 625 3796 elliptica
656 3676 701 3771 et
731 3689 961 3773 verticaliter
991 3685 1146 3797 polita,
1196 3685 1339 3773 luorum
1381 3689 1512 3802 polla·

231 3820 318 3905 aius
348 3819 417 3905 srtu
448 3813 567 3927 paulo
596 3810 743 3929 altius,
775 3840 889 3927 quam
919 3815 1083 3903 anterius
1109 3877 1122 3923 ,
1146 3810 1216 3898 eli.
1288 3806 1292 3814 ’

390 4038 507 4129 Oculi
535 4041 667 4153 magtri
691 4057 719 4148 ,'
743 4041 785 4127 irr
816 4040 979 4127 laterum
1013 4040 1188 4154 suprema
1222 4043 1328 4153 parte
1345 4039 1506 4157 poltri,

229 4171 321 4259 oria
351 4186 567 4279 extremo,
597 4195 713 4279 quam
750 4168 890 4279 angulo
915 4172 1187 4278 operculorurrr
1220 4166 1379 4278 postico,
1411 4193 1508 4277 pro-

229 4299 404 4409 piores,
434 4314 549 4405 cute,
577 4319 694 4409 quarn
724 4295 879 4381 orbitae
894 4318 1046 4404 ,margo
1070 4294 1201 4389 ,omnis
1232 4294 1340 4403 lup'er
1367 4296 1510 4407 albugi·
1571 4381 1578 4395 ,

229 4446 359 4509 neam
393 4420 569 4514 emittit,
594 4446 663 4506 ceu
695 4420 910 4533 palpebra,
941 4422 983 4507 ira
1013 4424 1186 4534 ipsorum
1226 4422 1367 4508 ambitu
1407 4425 1508 4506 inae·

304 4548 434 4637 Tom.
446 4548 643 4641 lX.Nou.
655 4546 821 4637 Contra.
1000 4548 1061 4635 .N
1081 4574 1153 4635 uo
1352 4546 1506 4660 qualiter
