4534 5750
634 524 1062 652 “iidl0iiil‘
1419 534 1478 645 19'

202 784 301 854 nem
333 759 590 876 propofitam,
612 782 691 873 ope
705 764 834 848 cettte'
863 759 1143 868 substitutionis,
1162 756 1359 870 inuiam,
1379 784 1477 872 qtae

204 891 306 979 adeo
334 889 593 1109 diligentialia
624 890 772 973 {mundi
800 891 933 998 gradun
968 890 1164 1004 inuoluit,
1204 888 1474 996 nausiormat,

204 1042 372 1131 ermque
418 1020 580 1130 ¹eincepu
611 1042 679 1129 per
706 1011 844 1102 seriem
888 1016 1083 1105 infinitam
1136 1019 1299 1127 integrat
1316 1082 1351 1131 ‚0
1378 1037 1476 1127 quae

204 1166 334 1233 autem
357 1146 464 1232 series
494 1148 547 1231 ita
576 1146 631 1230 cst
660 1161 914 1256 comparata,
948 1150 1129 1259 utsupra
1157 1132 1381 1231 memorarit
1410 1166 1476 1229 et·

204 1273 303 1359 libus
328 1272 461 1393 alicubi
484 1276 792 1383 abrumpatur,
825 1273 1186 1385 expreffionemque
1216 1270 1369 1357 finitam
1387 1268 1477 1385 sup·

205 1403 386 1513 peditet,
407 1400 510 1487 unde
548 1400 727 1511 integrale
769 1400 981 1510 quaeirum
1030 1400 1216 1487 facillime
1264 1399 1472 1514 colligatur,

205 1528 353 1617 Verum
386 1548 517 1621 tamen
547 1520 678 1612 omnia
712 1524 806 1610 haec
837 1524 1035 1640 integralia
1068 1526 1247 1615 nonulli
1278 1526 1360 1640 sunt
1389 1528 1476 1639 pa'r·

202 1656 373 1743 titulun
393 1716 429 1765 ,μ
458 1681 580 1769 neque
628 1676 759 1740 tutam
802 1655 905 1777 uim¹
936 1659 1168 1768 aequationia
1220 1644 1477 1776 differentialir

206 1783 424 1897 propufitte
450 1784 709 1888 exhauriunt,
742 1783 886 1869 deinde·
912 1783 1056 1895 etiam,
1071 1786 1218 1899 quntiea
1243 1778 1475 1895 quantitati

203 1912 260 1996 est
292 1912 465 2023 negatiua
490 1902 511 2018 ,⁸
529 1910 757 2025 imaginariis
786 1913 844 1997 ita‘
872 1911 1153 2020 inquinantur,
1188 1930 1234 1997 ut
1261 1916 1376 1998 omni
1394 1910 1481 2020 pla-

204 2062 257 2153 ne
281 2038 350 2124 usu
372 2042 630 2127 dellituautur.
662 2040 826 2146 Vtrique
859 2038 1117 2123 incommodo
1134 2036 1224 2123 Cel.
1245 2037 1396 2123 Audiat
1424 2038 1479 2123 ita

205 2168 394 2275 medetur,
410 2187 456 2279 nt
491 2172 629 2281 primo
660 2164 893 2253 methodum
924 2180 1119 2273 expuunt,
1147 2186 1202 2245 ex
1230 2166 1390 2272 cognito
1406 2164 1481 2248 lam

204 2294 372 2405 iracundi
405 2282 668 2405 requietionum
701 2290 871 2397 integrali
900 2291 1082 2397 quopiam
1114 2288 1330 2396 particulari
1381 2291 1483 2373 inte·
1611 2332 1616 2344 ι

188 2417 311 2527 sgrale
338 2418 581 2525 completum
609 2414 796 2521 eliciendi,
814 2414 915 2521 qnod
944 2411 971 2497 n
1003 2415 1189 2523 quantitas
1212 2410 1243 2497 b
1269 2417 1375 2500 merit
1403 2440 1480 2527 po-

202 2541 350 2649 litiua,
382 2542 607 2651 quantitates
636 2538 926 2649 exponentiales
957 2540 1162 2649 implicat:
1212 2541 1352 2627 deinde
1381 2568 1486 2631 uero

201 2669 391 2777 ostendit,
425 2666 632 2779 qrrouaodo
662 2666 752 2751 illae
783 2666 1007 2775 quantitates
1033 2667 1353 2779 exponentialer,
1369 2696 1478 2783 quae,

204 2795 390 2883 exiliente
420 2794 447 2882 b
477 2795 687 2906 negarine,
736 2790 833 2880 fient
864 2784 1133 2908 imaginariae,
1186 2822 1256 2910 per
1280 2816 1480 2912 tangentes

206 2949 361 3012 menum
389 2923 637 3012 circularium
660 2909 821 3008 'realiter
851 2915 1021 3037 exprimi
1057 2939 1215 3038 queint.
1295 2927 1476 3040 Denique

203 3079 295 3141 cum
343 3051 549 3138 methodus
581 3052 673 3156 illa,
704 3073 758 3137 ex
791 3053 963 3163 integrali
995 3055 1209 3162 particulari
1239 3058 1474 3169 completum

206 3179 421 3292 eliciendi,
446 3200 600 3266 certam
633 3183 825 3291 quandam
857 3183 1151 3291 integrationem
1180 3185 1309 3292 exigat
1328 3176 1356 3289 ,’
1380 3211 1477 3296 quae

203 3333 359 3410 mutam
389 3301 558 3394 licelier'e
584 3328 710 3419 queat,
726 3312 842 3394 ctiam
875 3307 963 3392 huic
1004 3309 1262 3395 incommodo
1290 3317 1477 3421 occurrit,

199 3436 298 3520 dum
330 3437 504 3543 obserua,
522 3455 618 3546 tpro
645 3437 779 3546 quouis
808 3437 893 3519 cain
924 3437 1094 3546 primam
1118 3439 1379 3525 ertolurioncm
1398 3463 1478 3526 non

206 3588 362 3674 unum,
394 3562 457 3650 sed
488 3557 587 3648 adeo
619 3561 701 3645 duo
728 3563 924 3674 integialia
959 3561 1222 3674 particularia,
1257 3565 1437 3673 praebere
1462 3619 1476 3670 ,

32 3677 33 3738 l
117 3713 142 3770 e
201 3683 384 3803 qnoniam
419 3691 480 3776 ibi
505 3681 668 3774 formula
703 3689 867 3774 radicalis
901 3680 974 3772 Vb
1006 3690 1230 3798 ingreditur,
1265 3718 1379 3798 quam
1412 3721 1477 3777 ae-

192 3843 280 3929 que
310 3820 516 3927 negarine,
547 3841 588 3900 ac
622 3817 800 3926 pontina,
833 3815 1007 3926 accipere
1042 3819 1145 3900 licet.
1240 3819 1332 3903 Alia
1363 3823 1476 3929 igitur

33 3949 34 4019 l
200 3941 402 4032 methodo
432 3947 577 4049 utitur,
626 3945 726 4028 cuius
754 3967 833 4054 ope
863 3967 914 4027 ex
947 3943 1108 4050 coguitis
1139 3945 1478 4058 dumn'iategra·

198 4073 297 4158 libna
330 4073 613 4182 panicularibus
642 4074 820 4180 integrale
854 4070 1130 4181 completum,
1155 4071 1233 4158 nne
1265 4073 1345 4160 ulla
1375 4100 1477 4162 noua

34 4271 36 4301 ,
203 4193 480 4310 integratione,
507 4193 691 4282 concludi
721 4217 849 4306 queat.
906 4199 1025 4322 Quod
1064 4221 1153 4284 cum
1186 4201 1234 4286 ab
1264 4227 1339 4310 eo,
1371 4205 1478 4315 quod

35 4315 52 4324 ‘'
196 4325 325 4442 priori
358 4327 550 4411 methodo
581 4346 660 4410 erat
698 4341 883 4432 erutum,
927 4321 1132 4435 distrepar'e
1184 4345 1376 4440 nequeat,
1424 4355 1477 4415 ex

196 4452 399 4566 annaque
417 4455 630 4540 ¹collatione
662 4453 958 4568 integrationem
989 4456 1109 4565 priori
1139 4457 1373 4568 implicatam
1391 4457 1478 4546 effi·

824 4603 914 4668 aa
1170 4666 1174 4677 ,
1386 4605 1476 4672 cere
