4534 5750
310 530 880 639 Maenolscottt
926 540 1294 645 sonantis.
1351 574 1447 660 aaa
1532 660 1539 666 ,

181 770 259 863 tuli
289 797 372 863 ata·
437 767 631 859 Lamudo
662 790 776 885 tom,
807 793 873 861 aut
903 778 1143 890 adducendo,
1157 780 1364 869 cochleam
1372 782 1450 895 gh,

184 928 229 989 ea
261 898 485 989 concilietur
520 902 671 1013 speculo
701 930 772 989 mn
803 904 1033 1017 inclinatio,
1081 930 1124 995 vt
1163 912 1359 1023 repercuffi
1399 916 1449 998 ab

180 1034 267 1144 ipso
296 1031 423 1138 radii,
453 1030 624 1117 incidant
654 1034 697 1120 in
727 1034 924 1121 obiedum
947 1044 965 1140 ,'
996 1038 1043 1122 nd
1058 1062 1097 1120 ,e
1110 1042 1137 1151 f
1164 1039 1301 1148 sutum,
1336 1060 1448 1153 atqua

176 1163 232 1249 ita
266 1162 484 1273 disponatur
521 1160 852 1275 mictoscnpiurn,
885 1183 954 1273 rt,
974 1186 1157 1277 quantum
1189 1168 1274 1253 lieri
1306 1169 1448 1280 potest,

175 1290 354 1378 distinata
383 1284 469 1375 solis
496 1288 629 1398 imago
657 1288 849 1379 formetur
880 1294 927 1380 ad
977 1294 1037 1410 ef.
1114 1296 1182 1382 Ab
1229 1296 1448 1385 illuminato

171 1416 253 1506 lrac
284 1421 437 1507 ratione
483 1418 642 1505 obiedlo
668 1421 887 1505 vredeuntes
902 1426 1046 1525 radii,
1082 1446 1124 1508 ac
1159 1425 1365 1509 incidentes
1405 1424 1447 1511 in

172 1544 401 1645 lenticulam
453 1546 679 1647 obicdit'uam
715 1544 757 1637 'l
792 1600 806 1653 ‚
870 1552 1099 1637 transeuntes
1147 1576 1219 1664 per
1271 1553 1446 1637 momen

172 1676 395 1787 elliptieunt
425 1698 507 1775 rs,
540 1677 580 1757 in
612 1677 760 1787 aliquot
794 1678 937 1788 pedum
969 1681 1167 1787 distantia,
1196 1680 1306 1793 super
1338 1683 1443 1768 tabu

169 1802 210 1891 la
244 1805 326 1891 alba
360 1800 619 1892 nitidiffimam
652 1802 823 1889 formant
854 1807 996 1892 obiecti
1027 1808 1235 1920 pidiuram.

323 1928 450 2039 Binac
480 1933 528 2019 ad
561 1956 697 2017 manus
723 1932 799 2016 elle
825 1934 963 2019 debent
995 1934 1181 2033 laminae,
1213 1935 1327 2043 tales,
1354 1938 1445 2047 quai

163 2058 250 2147 lem
286 2063 447 2149 exhibet
484 2058 567 2171 Fig.
607 2078 650 2159 ς.
682 2058 811 2149 ABC
826 2061 892 2165 1),
941 2062 1079 2174 quibus
1129 2062 1238 2173 affigi
1287 2064 1444 2178 poliunt

161 2189 329 2277 obiecta
347 2256 361 2299 ,
378 2186 508 2279 'altera
540 2194 673 2299 nigra,
708 2214 762 2274 ex
793 2191 937 2292 ebeno,
970 2191 1086 2274 altera
1120 2192 1225 2300 alba,
1258 2218 1312 2277 ex
1342 2196 1443 2279 ebo·

160 2342 208 2405 re
241 2320 442 2426 conllans,
482 2318 558 2427 pro
588 2318 803 2403 diuersrtate
835 2315 973 2403 coloris
1003 2318 1150 2404 obiedli
1196 2322 1442 2431 depingendi-

160 2442 327 2535 Glutine
358 2451 512 2557 iungere
543 2446 650 2537 soleo
680 2445 739 2531 his
766 2448 919 2533 laminis
948 2446 1136 2551 obiecta,
1169 2448 1303 2533 docuit
1334 2451 1441 2534 eninr

158 2569 236 2663 me
273 2578 543 2691 experientia,
584 2576 753 2687 picturae
786 2574 1014 2687 elegantiam
1032 2598 1034 2603 ·
1051 2577 1162 2664 valde
1193 2576 1364 2684 turbari,
1410 2573 1464 2665 st.

155 2725 231 2825 aut
264 2707 408 2799 lamina
438 2708 594 2817 vitrea,
624 2722 691 2793 aut
721 2704 825 2791 tenui
856 2704 969 2789 Talci
1000 2704 1131 2810 lolio,
1189 2706 1317 2817 prouti
1346 2706 1444 2791 alias

151 2831 265 2921 fieri.
282 2836 375 2922 solet
399 2903 412 2948 ,
437 2850 679 2950 contegatur3
714 2834 916 2946 multoque
950 2835 1147 2922 nitidiores
1175 2834 1308 2920 habeti
1338 2834 1441 2922 ima·

148 2964 307 3072 ginon,
356 2965 384 3052 li
419 2967 562 3051 nudum
597 2981 819 3074 exponatur
847 2964 962 3048 radiis
993 2965 1170 3048 solaribus
1221 2964 1438 3048 obiestum.

149 3089 329 3178 Lamina
379 3091 444 3176 illa
498 3084 682 3176 ABCD
731 3091 785 3174 ira
837 3091 1087 3174 introducitur
1132 3091 1235 3175 inter
1276 3091 1441 3176 laminas

142 3235 249 3336 pr,
282 3211 370 3332 qs',
402 3221 486 3330 urg.
520 3230 568 3306 6.
599 3233 720 3332 pqrs
753 3218 834 3330 rig.
872 3239 933 3323 5,
963 3236 1008 3301 rt
1042 3219 1195 3303 inferius
1234 3217 1440 3304 foraminis

147 3348 355 3434 circularis
396 3343 526 3459 albrd
561 3349 769 3436 dimidium
820 3343 908 3430 abc
951 3363 1127 3456 apertum
1178 3340 1439 3457 relinquatur,

146 3476 335 3590 radiique
368 3477 503 3564 solares
529 3480 622 3585 ab,
650 3478 715 3564 cd
728 3533 742 3582 ,
770 3471 859 3584 mg.
895 3491 956 3578 7,
1002 3467 1128 3584 libert⁴
1147 3473 1196 3558 ad
1240 3471 1434 3583 speculum

145 3629 222 3693 mn
255 3609 485 3718 pertingere
516 3625 673 3720 queant.
733 3599 911 3715 Superius
946 3623 1045 3696 ueto
1079 3599 1278 3686 foraminis
1313 3595 1444 3688 abed

140 3737 368 3824 dimidium
403 3735 497 3823 adh
523 3801 536 3844 ,
567 3763 590 3821 a
620 3732 763 3848 lamina
795 3725 1004 3834 ABCD,
1055 3727 1140 3839 Fig.
1178 3753 1223 3833 ς.
1257 3723 1441 3842 contegi·'

138 3882 244 3958 tut,
279 3865 503 3975 laminaque
533 3862 699 3949 affixum
732 3849 832 3972 gerit
859 3857 1060 3946 obiedtum
1091 3857 1139 3943 ad
1169 3881 1221 3944 m.

306 3991 395 4080 Etfi
427 3993 504 4078 hoc
556 4015 652 4078 meo
697 3993 965 4076 additamento
1007 3985 1194 4096 inignem
1234 4010 1304 4071 me
1350 3983 1434 4074 ele-
1550 4050 1578 4100 4

138 4121 380 4236 gautillimo
429 4122 682 4208 instrumento
721 4116 933 4204 conciliatio
974 4111 1296 4227 perlectionem,
1335 4116 1438 4243 allo·

137 4277 230 4338 rere
289 4239 511 4359 audeam,
564 4249 731 4336 omuino
778 4261 908 4332 tamen
956 4242 1096 4330 mereri
1148 4244 1338 4351 ridetur,
1385 4253 1433 4332 τί

136 4405 220 4492 pto
257 4378 380 4492 ipli'us
408 4377 644 4494 perfeetione
691 4375 842 4463 ulterius
870 4373 996 4460 adhuc
1031 4373 1183 4498 manue·
1224 4359 1440 4461 laborem,

136 4509 216 4600 Ex
270 4509 407 4622 aliqum
456 4525 637 4623 temporo
689 4521 899 4618 eapropter
947 4503 987 4590 in
1037 4519 1214 4588 mentem
1264 4499 1433 4619 induxi,

790 4624 918 4726 San
1276 4624 1435 4744 rduerf
