4534 5750
734 531 837 675 '³²¹³
1197 503 1622 623 *ellaseg-
1957 698 1962 707 ὁ

760 716 1226 949 Ιιηθῑειοο.
1252 714 2049 874 uuruuuumcru
2122 738 2127 745 ·

1272 1086 1276 1094 ·
1385 1027 1425 1116 1.

711 1192 715 1201 ι
773 1239 876 1371 De
938 1269 1114 1371 motu
1173 1248 1486 1372 vibratorio
1531 1236 1616 1367 fili
1664 1235 1867 1370 flexssis
1913 1282 2042 1367 eor·

761 1426 766 1435 ’
956 1416 1196 1586 pusculis
1231 1442 1608 1583 quotcunque
1644 1410 1849 1543 onusti.

852 1656 854 1661 ⁵
898 1680 1166 1865 Auelore
1224 1688 1295 1814 L.
1348 1687 1568 1811 Eulero
1614 1724 1751 1855 pag·
1809 1691 1924 1856 2152
2028 1764 2032 1771 -

765 1894 1037 2175 Problema
1066 1976 1160 2089 hoe,
1175 1978 1256 2064 iam
1286 1977 1337 2063 ab
1363 1974 1445 2062 aliis
1473 1975 1657 2090 solutum,
1675 1970 1763 2062 cu.
1794 1974 1948 2062 Auctor
1977 1970 2046 2062 hie

895 2104 950 2189 ita
978 2104 1147 2212 arelat,
1175 2120 1222 2189 ut
1251 2102 1374 2189 idad
1402 2101 1632 2189 solutionem
1648 2107 1864 2215 generalem
1884 2101 2064 2216 proble·.

655 2270 657 2277 ·
762 2230 882 2315 maris
930 2232 982 2317 de
1027 2231 1154 2316 cordis
1202 2229 1434 2317 vibrantibus
1478 2230 1771 2319 accommodet.
1837 2232 2043 2343 Postquam

762 2354 872 2441 enim
906 2372 1035 2445 motus
1065 2378 1235 2468 omues,
1283 2354 1389 2441 cuius
1433 2362 1555 2442 eorda
1601 2363 1706 2443 tensa
1753 2379 1797 2443 et
1843 2358 2046 2469 aequaliter

760 2482 874 2569 malla
923 2484 977 2569 est
1023 2506 1193 2595 capax,
1240 2481 1343 2566 facili
1392 2479 1673 2567 construelione
1718 2481 2041 2584 determinaffet,

580 2670 584 2679 .
761 2606 890 2721 plures
919 2608 1162 2695 obleuiones
1190 2630 1326 2693 contra
1358 2607 1459 2693 hauc
1489 2607 1770 2715 solutionem,a
1800 2632 1912 2693 more
1930 2611 2044 2693 Aua·

762 2730 889 2843 lyleos
918 2737 1033 2822 solito
1063 2738 1349 2849 recedentem,
1379 2734 1432 2820 est
1463 2754 1675 2847 expertus,
1707 2761 1867 2848 quarum
1901 2736 1961 2820 ris
1990 2758 2043 2821 eo

758 2862 994 2974 potiffimum
1028 2885 1110 2952 erar
1137 2864 1316 2970 directa,
1365 2884 1443 2973 rt,
1478 2862 1549 2950 nifi
1599 2868 1737 2950 cordae
1789 2865 1913 2949 initio*
1931 2881 2038 2949 certa

759 2991 946 3102 quaedam
976 2991 1097 3104 figura
1130 2992 1241 3078 luerit
1273 2993 1459 3102 induere,
1487 2995 1570 3078 eiua
1603 3013 1733 3077 motus
1768 2993 1877 3076 nullo
1924 2993 2039 3101 plane
2182 3009 2193 3026 ·

638 3171 644 3178 -
759 3117 885 3204 modo
917 3145 986 3230 per
1019 3120 1202 3230 Aualysur
1234 3119 1384 3204 definiri
1417 3123 1522 3230 posse
1558 3117 1858 3222 alleueraretur‚
1900 3139 2041 3230 quam-

760 3249 820 3330 vls
851 3249 977 3356 negari
1012 3272 1089 3336 non
1127 3247 1284 3359 pulset,
1332 3249 1378 3331 ad
1418 3273 1679 3357 quamcunque
1710 3247 1871 3359 figuram
1922 3247 2037 3332 corda

756 3371 873 3458 initio
904 3375 1019 3460 fuerit
1048 3378 1213 3489 detrusa,
1233 3397 1281 3460 ea
1297 3373 1451 3461 demissa
1480 3395 1626 3463 certum
1658 3377 1847 3486 quendam
1878 3392 2037 3460 motum

759 3503 966 3586 necessarlo
995 3504 1161 3616 subsequi
1190 3504 1348 3589 debere.
1413 3497 1679 3589 Controuerfia
1706 3503 1817 3613 igitur
1845 3523 1925 3584 uon
1951 3519 2037 3587 tam

757 3623 798 3709 in
830 3627 910 3711 hoc
942 3633 1165 3739 agitabatur,
1180 3631 1286 3739 quod
1321 3627 1503 3713 Austoria
1532 3629 1670 3712 solutio
1700 3631 1766 3738 srt,
1781 3651 1958 3729 erronea,
1977 3627 2037 3714 sed

757 3753 858 3866 quod
890 3756 1092 3866 problema
1121 3754 1242 3864 iplrm
1294 3756 1343 3836 ita
1396 3753 1440 3836 fit
1471 3772 1766 3864 comparatum,
1800 3773 1845 3837 vt
1890 3754 2036 3842 nullam

757 3880 871 3993 plane
900 3881 1125 3970 solutionem
1158 3881 1351 3988 admittar,
1378 3898 1492 3991 atque
1523 3882 1622 3965 adeo
1650 3880 1753 3963 nefas
1785 3881 1850 3988 fit,
1879 3880 2035 3969 solutio·

757 4027 850 4093 nem
883 4030 906 4090 a
936 4035 1130 4124 quoquam
1164 4011 1315 4094 tentari.
1378 4006 1503 4093 Facile
1533 4007 1687 4118 quidem
1717 4008 1871 4093 Αυάοῐ
1891 4033 2035 4094 conce-

760 4132 904 4247 debat,
933 4131 1163 4222 solutionem
1197 4141 1282 4221 ase
1310 4138 1441 4223 datam
1472 4158 1495 4218 a
1527 4137 1706 4219 consueto
1739 4159 1851 4220 more
1902 4135 2037 4222 huius·

757 4262 870 4347 modi
901 4263 1140 4372 problemata
1173 4259 1381 4349 resolueudi
1408 4264 1651 4372 discrepare,
1701 4285 1811 4374 atque
1840 4265 1938 4348 adeo
1971 4265 2037 4350 ri-

748 4385 814 4482 'tes
845 4387 1049 4504 Anuyseos
1072 4389 1199 4480 adhuc
1230 4390 1457 4506 plerumque
1489 4389 1665 4478 excultae
1693 4388 1872 4504 superare,
1891 4389 2035 4479 scilicet

1342 4533 1352 4596 2
1416 4532 1422 4542 ’
1554 4531 1586 4555 ··
1939 4517 2036 4606 ideu
