4534 5750
816 525 916 646 '44⁸
1152 499 1785 662 ,nracrrtrtn

821 783 913 866 to,
943 758 985 842 in
1017 754 1111 842 duat
1138 755 1307 868 aequales
1335 749 1516 838 diuiditur
1544 744 1763 864 portiones,
1791 765 1844 830 ert
1875 735 2084 864 redempor,

824 905 1008 998 tuaquom
1040 909 1096 968 cx
1127 887 1287 995 steron,
1332 882 1510 987 utrinque
1540 876 1605 961 sub
1635 873 1778 984 rogulo
1808 888 1923 957 acuto
1953 879 2082 978 tonuit

823 1014 985 1122 oblique
1030 1015 1240 1094 autrnrlum
1286 1003 1410 1089 costae
1456 1004 1656 1114 quinque,
1702 1000 1845 1084 inferne
1875 1003 2056 1089 tenuiores
2068 1059 2083 1113 ‚

747 1158 750 1171 '
826 1143 988 1247 superne
1035 1140 1219 1241 latiores,
1267 1155 1428 1244 quarum
1466 1128 1623 1240 ungula
1671 1127 1713 1212 in
1756 1129 1979 1213 summitate
2005 1129 2085 1217 lobo

826 1265 985 1352 obuetle
1017 1284 1163 1375 nuato,
1195 1259 1416 1372 relictoque
1448 1256 1653 1342 instruitur.
1717 1253 1991 1340 Extremitatee
2019 1257 2085 1342 bo·
2237 1295 2238 1302 Ν

829 1412 918 1480 root
967 1391 1152 1476 laborum
1202 1387 1355 1474 laborer
1382 1387 1503 1498 iplitrn
1533 1384 1711 1468 cordatae
1742 1387 1860 1494 partie
1889 1374 2085 1494 marginem

827 1519 1071 1612 terminant,
1120 1539 1241 1628 quem
1286 1517 1386 1600 inter
1430 1533 1473 1598 et
1519 1509 1703 1600 acetabuli
1732 1511 1845 1594 limbi
1878 1510 2085 1602 interiorem

828 1647 1055 1762 portionem
1088 1645 1186 1732 stnue
1211 1641 1323 1730 valde
1353 1639 1560 1752 angustor,
1609 1658 1673 1723 aut
1702 1637 1956 1756 profirncior,
1983 1665 2085 1752 qnam

827 1775 960 1883 alibi,
991 1773 1110 1858 incon
1139 1771 1307 1856 obtinet.
1392 1768 1569 1853 Fuudum
1600 1765 1720 1874 cingit
1750 1765 1910 1870 limbos,
1950 1769 2083 1877 planos,

828 1896 1069 2004 lariusculrta,
1120 1895 1298 1982 dimidio
1316 1893 1401 2004 plus
1431 1893 1515 1978 suae
1545 1891 1754 1976 latitudinis
1782 1882 1907 1998 libet',
1948 1891 2084 1980 interito

830 2048 931 2112 tero
962 2046 1041 2108 rna
1066 2047 1158 2110 cum
1190 2017 1308 2105 tundo
1339 2021 1498 2130 corpori
1529 2018 1714 2126 adnrtua,
1752 2018 1965 2104 nbmnme
1993 2041 2090 2132 parte
2240 2097 2241 2100 γ

828 2129 1017 2241 interiore
1041 2149 1232 2250 durioris,
1265 2147 1441 2262 rigidae,
1470 2143 1572 2258 quati
1601 2143 1887 2255 cartilaginem,
1916 2146 2091 2256 solatae,

834 2277 1030 2366 exteriore
1059 2275 1274 2380 tenuioris,
1306 2273 1659 2378 membranaceae,
1707 2272 1852 2358 flexilia
1879 2297 1926 2358 ac
1956 2273 2090 2361 rufor-

833 2406 926 2492 mir.
987 2403 1198 2492 Foliaceam
1231 2401 1339 2487 iilam
1369 2401 1470 2501 dixi,
1485 2399 1626 2511 quod,
1662 2419 1806 2509 practer
1834 2399 2008 2486 scandum
2036 2399 2089 2482 sn.
2241 2419 2242 2448 ³

830 2525 1039 2638 litorium,
1086 2548 1112 2614 e
1170 2527 1380 2614 duodecim
1431 2526 1605 2632 foliolir',
1654 2525 1713 2610 scu
1743 2526 1872 2638 lobio,
1902 2528 2090 2647 contiguir,

829 2656 1013 2772 filicitque
1042 2655 1366 2766 circumscriptis,
1394 2653 1558 2742 constat.

989 2781 1115 2893 lllud,
1165 2767 1345 2868 scutulum
1397 2805 1576 2895 nempe,
1629 2781 1774 2870 dirade
1804 2781 1921 2872 ordo
1946 2785 2092 2872 cordato

832 2912 1131 3029 nmepolitum,
1179 2910 1570 3023 subquadtangulum,
1620 2912 1799 3000 luteribus
1848 2914 2097 3020 extimum,

833 3042 966 3123 attico
998 3040 1174 3149 margine
1204 3062 1464 3150 connexum,
1514 3042 1660 3145 postico
1692 3064 1784 3125 reru
1812 3042 1920 3125 lierni
1964 3041 2095 3124 mino·

834 3166 890 3249 rie
916 3165 1060 3251 anticae
1089 3167 1324 3251 extremitati
1353 3168 1577 3250 continuum
1610 3168 1688 3276 eil,
1718 3166 1916 3275 loliolaque
1948 3164 2093 3277 magni-

837 3288 968 3376 tudine
1000 3288 1170 3377 multum
1202 3288 1364 3403 superat,
1445 3286 1542 3376 Duo
1573 3296 1752 3405 proxima
1784 3296 1915 3379 lcutulo
1946 3292 2099 3404 briola,

840 3416 1021 3503 breuibus
1068 3420 1149 3503 dtu
1199 3416 1391 3503 exalciatia
1440 3419 1662 3531 contigua,
1727 3422 1947 3507 subrotonda
1992 3418 2109 3527 lunt,

839 3543 1027 3654 costisque
1056 3542 1260 3648 destituta,
1292 3564 1440 3631 caetera
1472 3570 1596 3654 reto,
1627 3550 1834 3655 subouata',
1866 3548 2022 3657 oblique
2048 3568 2111 3627 re·

841 3670 1005 3755 norsum
1038 3672 1234 3781 speciant.
1265 3674 1511 3759 extremitate
1538 3674 1731 3763 obtuiiote
1762 3676 1911 3779 fundo,
1942 3673 2116 3759 acutiore

838 3795 1154 3887 membranaceae
1186 3800 1298 3885 limbi
1330 3802 1427 3911 parti
1470 3800 1653 3910 obuersa,
1683 3804 1943 3915 fingulnmqne
1991 3801 2119 3885 cubae

841 3922 991 4011 iubatae
1036 3925 1248 4039 respondet.
1302 3958 1309 3965 ·
1347 3928 1549 4041 Vtrimque
1578 3932 1695 4015 etiam
1727 3934 1854 4018 lateris
1882 3928 2124 4017 intertncdia

842 4050 1089 4137 anterioribus
1118 4080 1164 4139 ac
1195 4052 1458 4165 posterioribus
1490 4080 1696 4169 perparum
1729 4056 1885 4155 maiora¹
1905 4058 2017 4145 sunt.
2060 4054 2127 4140 De

842 4177 1135 4267 membranacea
1167 4180 1280 4270 limbi
1312 4202 1423 4294 parte
1467 4184 1539 4269 rix
1587 4183 1742 4293 haben,
1793 4186 1899 4298 quod
1953 4186 2129 4293 dicant,

843 4300 949 4416 nid,
1000 4308 1104 4416 quod
1136 4312 1184 4394 ad
1213 4311 1401 4396 acetabuli
1434 4306 1548 4395 latera
1574 4313 1706 4423 paullo
1731 4315 1962 4428 latiorem,
2016 4336 2137 4426 qoam

847 4430 890 4519 in
914 4428 1065 4549 relitoo
1094 4434 1248 4549 nediu,
1279 4462 1361 4531 eam
1389 4437 1723 4553 deprehenderim.
