<?xml version="1.0" encoding="UTF-8"?>
<!DOCTYPE html PUBLIC "-//W3C//DTD XHTML 1.0 Transitional//EN"
    "http://www.w3.org/TR/xhtml1/DTD/xhtml1-transitional.dtd">
<html xmlns="http://www.w3.org/1999/xhtml" xml:lang="en" lang="en">
 <head>
  <title>
</title>
<meta http-equiv="Content-Type" content="text/html;charset=utf-8" />
  <meta name='ocr-system' content='tesseract 3.04.00' />
  <meta name='ocr-capabilities' content='ocr_page ocr_carea ocr_par ocr_line ocrx_word'/>
</head>
<body>
  <div class='ocr_page' id='page_1' title='image "./novicommentarii07sssrgoog_0018.png"; bbox 0 0 4534 5750; ppageno 0'>
   <div class='ocr_carea' id='block_1_1' title="bbox 660 533 2051 878">
    <p class='ocr_par' dir='ltr' id='par_1_1' title="bbox 660 533 2051 878">
     <span class='ocr_line' id='line_1_1' title="bbox 784 533 1617 655; baseline 0.006 -30"><span class='ocrx_word' id='word_1_1' title='bbox 784 538 840 627; x_wconf 79' lang='lat' dir='ltr'>&#39;re</span> <span class='ocrx_word' id='word_1_2' title='bbox 1187 542 1313 655; x_wconf 54' lang='lat' dir='ltr'>*effi</span> <span class='ocrx_word' id='word_1_3' title='bbox 1339 533 1358 655; x_wconf 86' lang='lat'>)</span> <span class='ocrx_word' id='word_1_4' title='bbox 1382 559 1420 629; x_wconf 87' lang='grc' dir='ltr'><strong>ο</strong></span> <span class='ocrx_word' id='word_1_5' title='bbox 1449 540 1470 645; x_wconf 91' lang='grc'>(</span> <span class='ocrx_word' id='word_1_6' title='bbox 1496 537 1617 651; x_wconf 59' lang='lat' dir='ltr'>ffici-</span> 
     </span>
     <span class='ocr_line' id='line_1_2' title="bbox 660 723 2051 878; baseline 0.004 -25"><span class='ocrx_word' id='word_1_7' title='bbox 660 723 664 733; x_wconf 28' lang='lat'>⁸</span> <span class='ocrx_word' id='word_1_8' title='bbox 777 743 932 854; x_wconf 87' lang='lat' dir='ltr'>tionem</span> <span class='ocrx_word' id='word_1_9' title='bbox 961 759 1168 876; x_wconf 79' lang='lat' dir='ltr'>coniungi,</span> <span class='ocrx_word' id='word_1_10' title='bbox 1199 782 1243 850; x_wconf 90' lang='lat' dir='ltr'>et</span> <span class='ocrx_word' id='word_1_11' title='bbox 1270 786 1326 853; x_wconf 85' lang='lat' dir='ltr'>ex</span> <span class='ocrx_word' id='word_1_12' title='bbox 1355 764 1503 853; x_wconf 77' lang='lat' dir='ltr'>samma</span> <span class='ocrx_word' id='word_1_13' title='bbox 1534 763 1705 851; x_wconf 64' lang='lat' dir='ltr'>redum</span> <span class='ocrx_word' id='word_1_14' title='bbox 1732 763 1956 878; x_wconf 68' lang='lat' dir='ltr'>quadrum</span> <span class='ocrx_word' id='word_1_15' title='bbox 1973 780 2051 859; x_wconf 77' lang='lat' dir='ltr'>ex&#39;</span> 
     </span>
    </p>
   </div>
   <div class='ocr_carea' id='block_1_2' title="bbox 777 873 2259 1005">
    <p class='ocr_par' dir='ltr' id='par_1_2' title="bbox 777 873 2259 1005">
     <span class='ocr_line' id='line_1_3' title="bbox 777 873 2259 1005; baseline 0.005 -25"><span class='ocrx_word' id='word_1_16' title='bbox 777 893 879 981; x_wconf 88' lang='lat' dir='ltr'>trabi</span> <span class='ocrx_word' id='word_1_17' title='bbox 911 912 1127 1004; x_wconf 74' lang='lat' dir='ltr'>oportere,</span> <span class='ocrx_word' id='word_1_18' title='bbox 1160 892 1331 1005; x_wconf 88' lang='lat' dir='ltr'>hancque</span> <span class='ocrx_word' id='word_1_19' title='bbox 1361 894 1529 979; x_wconf 85' lang='lat' dir='ltr'>radicem</span> <span class='ocrx_word' id='word_1_20' title='bbox 1556 894 1779 1005; x_wconf 79' lang='lat' dir='ltr'>quadmtam</span> <span class='ocrx_word' id='word_1_21' title='bbox 1810 894 1877 981; x_wconf 82' lang='lat' dir='ltr'>isia</span> <span class='ocrx_word' id='word_1_22' title='bbox 1899 897 2047 986; x_wconf 72' lang='lat' dir='ltr'>memu-</span> <span class='ocrx_word' id='word_1_23' title='bbox 2121 886 2125 896; x_wconf 75' lang='grc'><strong>’</strong></span> <span class='ocrx_word' id='word_1_24' title='bbox 2258 873 2259 882; x_wconf 11' lang='grc' dir='ltr'><strong><em>Ν</em></strong></span> 
     </span>
    </p>
   </div>
   <div class='ocr_carea' id='block_1_3' title="bbox 663 1003 2049 1644">
    <p class='ocr_par' dir='ltr' id='par_1_3' title="bbox 663 1003 2049 1644">
     <span class='ocr_line' id='line_1_4' title="bbox 712 1003 2048 1136; baseline 0.004 -29"><span class='ocrx_word' id='word_1_25' title='bbox 712 1018 714 1021; x_wconf 75' lang='grc'><strong>’</strong></span> <span class='ocrx_word' id='word_1_26' title='bbox 775 1021 815 1107; x_wconf 85' lang='lat' dir='ltr'>la</span> <span class='ocrx_word' id='word_1_27' title='bbox 845 1022 1015 1107; x_wconf 89' lang='lat' dir='ltr'>indicari.</span> <span class='ocrx_word' id='word_1_28' title='bbox 1081 1016 1225 1107; x_wconf 79' lang='lat' dir='ltr'>Statim</span> <span class='ocrx_word' id='word_1_29' title='bbox 1256 1042 1386 1107; x_wconf 88' lang='lat' dir='ltr'>antem</span> <span class='ocrx_word' id='word_1_30' title='bbox 1416 1041 1531 1133; x_wconf 90' lang='lat' dir='ltr'>atque</span> <span class='ocrx_word' id='word_1_31' title='bbox 1559 1021 1660 1107; x_wconf 88' lang='lat' dir='ltr'>hunc</span> <span class='ocrx_word' id='word_1_32' title='bbox 1683 1003 1935 1132; x_wconf 79' lang='lat' dir='ltr'>ngiificatum</span> <span class='ocrx_word' id='word_1_33' title='bbox 1953 1050 2048 1136; x_wconf 87' lang='lat' dir='ltr'>pro·</span> 
     </span>
     <span class='ocr_line' id='line_1_5' title="bbox 663 1148 2049 1262; baseline 0.005 -28"><span class='ocrx_word' id='word_1_34' title='bbox 663 1170 668 1197; x_wconf 76' lang='lat'>²</span> <span class='ocrx_word' id='word_1_35' title='bbox 775 1149 826 1234; x_wconf 89' lang='lat' dir='ltr'>be</span> <span class='ocrx_word' id='word_1_36' title='bbox 859 1151 1128 1262; x_wconf 80' lang='lat' dir='ltr'>percepimus,</span> <span class='ocrx_word' id='word_1_37' title='bbox 1170 1150 1355 1257; x_wconf 80' lang='lat' dir='ltr'>nobisque</span> <span class='ocrx_word' id='word_1_38' title='bbox 1385 1148 1608 1234; x_wconf 77' lang='lat' dir='ltr'>familiarem</span> <span class='ocrx_word' id='word_1_39' title='bbox 1630 1151 1905 1259; x_wconf 77' lang='lat' dir='ltr'>reddidimus,</span> <span class='ocrx_word' id='word_1_40' title='bbox 1951 1151 2049 1241; x_wconf 65' lang='lat' dir='ltr'>bitu</span> 
     </span>
     <span class='ocr_line' id='line_1_6' title="bbox 774 1271 2047 1391; baseline 0.004 -30"><span class='ocrx_word' id='word_1_41' title='bbox 774 1275 945 1387; x_wconf 81' lang='lat' dir='ltr'>aspestus</span> <span class='ocrx_word' id='word_1_42' title='bbox 973 1278 1078 1363; x_wconf 85' lang='lat' dir='ltr'>huius</span> <span class='ocrx_word' id='word_1_43' title='bbox 1107 1275 1294 1361; x_wconf 85' lang='lat' dir='ltr'>formulae</span> <span class='ocrx_word' id='word_1_44' title='bbox 1336 1271 1636 1389; x_wconf 75' lang='lat' dir='ltr'>V(·aa÷bb)</span> <span class='ocrx_word' id='word_1_45' title='bbox 1684 1300 1768 1361; x_wconf 79' lang='lat' dir='ltr'>uno</span> <span class='ocrx_word' id='word_1_46' title='bbox 1815 1280 1917 1391; x_wconf 83' lang='lat' dir='ltr'>quast</span> <span class='ocrx_word' id='word_1_47' title='bbox 1944 1280 2047 1367; x_wconf 33' lang='lat' dir='ltr'>‘ior</span> 
     </span>
     <span class='ocr_line' id='line_1_7' title="bbox 774 1403 2048 1515; baseline 0.003 -26"><span class='ocrx_word' id='word_1_48' title='bbox 774 1406 897 1489; x_wconf 87' lang='lat' dir='ltr'>menti</span> <span class='ocrx_word' id='word_1_49' title='bbox 929 1423 1052 1489; x_wconf 86' lang='lat' dir='ltr'>totam</span> <span class='ocrx_word' id='word_1_50' title='bbox 1086 1403 1191 1491; x_wconf 87' lang='lat' dir='ltr'>illam</span> <span class='ocrx_word' id='word_1_51' title='bbox 1230 1404 1526 1515; x_wconf 74' lang='lat' dir='ltr'>descriptionem</span> <span class='ocrx_word' id='word_1_52' title='bbox 1573 1403 1825 1513; x_wconf 83' lang='lat' dir='ltr'>repneientat</span> <span class='ocrx_word' id='word_1_53' title='bbox 1843 1444 1869 1514; x_wconf 87' lang='lat'>‚·</span> <span class='ocrx_word' id='word_1_54' title='bbox 1898 1410 1950 1492; x_wconf 78' lang='lat' dir='ltr'>itu</span> <span class='ocrx_word' id='word_1_55' title='bbox 2000 1422 2048 1493; x_wconf 74' lang='lat' dir='ltr'>tt</span> 
     </span>
     <span class='ocr_line' id='line_1_8' title="bbox 775 1530 2045 1644; baseline 0.007 -32"><span class='ocrx_word' id='word_1_56' title='bbox 775 1552 820 1614; x_wconf 88' lang='lat' dir='ltr'>ea</span> <span class='ocrx_word' id='word_1_57' title='bbox 854 1552 1037 1641; x_wconf 81' lang='lat' dir='ltr'>tanquam</span> <span class='ocrx_word' id='word_1_58' title='bbox 1071 1530 1156 1613; x_wconf 88' lang='lat' dir='ltr'>idea</span> <span class='ocrx_word' id='word_1_59' title='bbox 1188 1531 1352 1640; x_wconf 76' lang='lat' dir='ltr'>simplici</span> <span class='ocrx_word' id='word_1_60' title='bbox 1384 1533 1423 1612; x_wconf 91' lang='lat' dir='ltr'>in</span> <span class='ocrx_word' id='word_1_61' title='bbox 1458 1531 1629 1614; x_wconf 77' lang='lat' dir='ltr'>ulteriori</span> <span class='ocrx_word' id='word_1_62' title='bbox 1648 1533 1951 1644; x_wconf 79' lang='lat' dir='ltr'>-inueiiigatione</span> <span class='ocrx_word' id='word_1_63' title='bbox 1985 1536 2045 1621; x_wconf 78' lang='lat' dir='ltr'>vti</span> 
     </span>
    </p>
   </div>
   <div class='ocr_carea' id='block_1_4' title="bbox 564 1646 2087 1773">
    <p class='ocr_par' dir='ltr' id='par_1_4' title="bbox 564 1646 2087 1773">
     <span class='ocr_line' id='line_1_9' title="bbox 564 1646 2087 1773; baseline 0.009 -34"><span class='ocrx_word' id='word_1_64' title='bbox 564 1703 593 1735; x_wconf 71' lang='lat'>=.</span> <span class='ocrx_word' id='word_1_65' title='bbox 773 1658 902 1769; x_wconf 81' lang='lat' dir='ltr'>possit.</span> <span class='ocrx_word' id='word_1_66' title='bbox 966 1654 1110 1755; x_wconf 80' lang='lat' dir='ltr'>Similis</span> <span class='ocrx_word' id='word_1_67' title='bbox 1139 1658 1195 1743; x_wconf 84' lang='lat' dir='ltr'>eii</span> <span class='ocrx_word' id='word_1_68' title='bbox 1226 1658 1327 1741; x_wconf 88' lang='lat' dir='ltr'>ratio</span> <span class='ocrx_word' id='word_1_69' title='bbox 1355 1657 1547 1741; x_wconf 90' lang='lat' dir='ltr'>omnium·</span> <span class='ocrx_word' id='word_1_70' title='bbox 1576 1646 1809 1771; x_wconf 76' lang='lat' dir='ltr'>reliquorum</span> <span class='ocrx_word' id='word_1_71' title='bbox 1850 1664 2043 1773; x_wconf 77' lang='lat' dir='ltr'>tignorum</span> <span class='ocrx_word' id='word_1_72' title='bbox 2084 1691 2087 1698; x_wconf 82' lang='grc'><strong><em>’</em></strong></span> 
     </span>
    </p>
   </div>
   <div class='ocr_carea' id='block_1_5' title="bbox 771 1786 2046 2155">
    <p class='ocr_par' dir='ltr' id='par_1_5' title="bbox 771 1786 2046 2155">
     <span class='ocr_line' id='line_1_10' title="bbox 772 1786 2046 1901; baseline 0.003 -32"><span class='ocrx_word' id='word_1_73' title='bbox 772 1786 816 1869; x_wconf 91' lang='lat' dir='ltr'>in</span> <span class='ocrx_word' id='word_1_74' title='bbox 848 1786 1004 1893; x_wconf 81' lang='lat' dir='ltr'>Analyfi</span> <span class='ocrx_word' id='word_1_75' title='bbox 1032 1792 1281 1894; x_wconf 88' lang='lat' dir='ltr'>&#39;receptorum</span> <span class='ocrx_word' id='word_1_76' title='bbox 1301 1849 1315 1891; x_wconf 91' lang='lat'>,</span> <span class='ocrx_word' id='word_1_77' title='bbox 1336 1808 1439 1895; x_wconf 85' lang='lat' dir='ltr'>quae</span> <span class='ocrx_word' id='word_1_78' title='bbox 1468 1791 1597 1869; x_wconf 83' lang='lat' dir='ltr'>omnia</span> <span class='ocrx_word' id='word_1_79' title='bbox 1630 1786 2046 1901; x_wconf 37' lang='lat' dir='ltr'>itasuntvcompatara,</span> 
     </span>
     <span class='ocr_line' id='line_1_11' title="bbox 771 1910 2046 2036; baseline 0.003 -39"><span class='ocrx_word' id='word_1_80' title='bbox 771 1932 816 1997; x_wconf 82' lang='lat' dir='ltr'>ut</span> <span class='ocrx_word' id='word_1_81' title='bbox 846 1916 893 1997; x_wconf 84' lang='lat' dir='ltr'>iis</span> <span class='ocrx_word' id='word_1_82' title='bbox 922 1914 1164 2025; x_wconf 79' lang='lat' dir='ltr'>quantitates,</span> <span class='ocrx_word' id='word_1_83' title='bbox 1193 1938 1260 2024; x_wconf 91' lang='lat' dir='ltr'>per</span> <span class='ocrx_word' id='word_1_84' title='bbox 1291 1932 1413 1997; x_wconf 87' lang='lat' dir='ltr'>certas</span> <span class='ocrx_word' id='word_1_85' title='bbox 1440 1910 1655 2036; x_wconf 81' lang='lat' dir='ltr'>saepiusque</span> <span class='ocrx_word' id='word_1_86' title='bbox 1696 1918 1889 2026; x_wconf 71' lang='lat' dir='ltr'>repetitas¹</span> <span class='ocrx_word' id='word_1_87' title='bbox 1905 1941 2046 2028; x_wconf 85' lang='lat' dir='ltr'>opera-</span> 
     </span>
     <span class='ocr_line' id='line_1_12' title="bbox 773 2038 2045 2155; baseline 0.003 -32"><span class='ocrx_word' id='word_1_88' title='bbox 773 2038 898 2125; x_wconf 78' lang='lat' dir='ltr'>tiones</span> <span class='ocrx_word' id='word_1_89' title='bbox 929 2042 1071 2152; x_wconf 83' lang='lat' dir='ltr'>natae,</span> <span class='ocrx_word' id='word_1_90' title='bbox 1103 2060 1187 2125; x_wconf 81' lang='lat' dir='ltr'>uno</span> <span class='ocrx_word' id='word_1_91' title='bbox 1216 2040 1314 2147; x_wconf 87' lang='lat' dir='ltr'>qnasi</span> <span class='ocrx_word' id='word_1_92' title='bbox 1344 2039 1497 2147; x_wconf 71' lang='lat' dir='ltr'>aspetiu</span> <span class='ocrx_word' id='word_1_93' title='bbox 1535 2040 1655 2125; x_wconf 88' lang='lat' dir='ltr'>menti</span> <span class='ocrx_word' id='word_1_94' title='bbox 1684 2043 1858 2127; x_wconf 68' lang='lat' dir='ltr'>distinde</span> <span class='ocrx_word' id='word_1_95' title='bbox 1890 2068 2045 2155; x_wconf 82' lang='lat' dir='ltr'>reprae-</span> 
     </span>
    </p>
   </div>
   <div class='ocr_carea' id='block_1_6' title="bbox 605 2165 2044 2283">
    <p class='ocr_par' dir='ltr' id='par_1_6' title="bbox 605 2165 2044 2283">
     <span class='ocr_line' id='line_1_13' title="bbox 605 2165 2044 2283; baseline 0.006 -33"><span class='ocrx_word' id='word_1_96' title='bbox 605 2214 607 2219; x_wconf 88' lang='lat'><em>·</em></span> <span class='ocrx_word' id='word_1_97' title='bbox 770 2167 975 2254; x_wconf 78' lang='lat' dir='ltr'>sententut.¹</span> <span class='ocrx_word' id='word_1_98' title='bbox 1056 2165 1201 2283; x_wconf 78' lang='lat' dir='ltr'>Quodsi</span> <span class='ocrx_word' id='word_1_99' title='bbox 1232 2188 1328 2275; x_wconf 82' lang='lat' dir='ltr'>ergo</span> <span class='ocrx_word' id='word_1_100' title='bbox 1357 2168 1541 2269; x_wconf 84' lang='lat' dir='ltr'>eueniat,</span> <span class='ocrx_word' id='word_1_101' title='bbox 1580 2172 1626 2250; x_wconf 81' lang='lat' dir='ltr'>ui</span> <span class='ocrx_word' id='word_1_102' title='bbox 1656 2168 1698 2252; x_wconf 88' lang='lat' dir='ltr'>in</span> <span class='ocrx_word' id='word_1_103' title='bbox 1732 2170 1889 2277; x_wconf 84' lang='lat' dir='ltr'>Analyfi</span> <span class='ocrx_word' id='word_1_104' title='bbox 1906 2196 2044 2257; x_wconf 85' lang='lat' dir='ltr'>nonae</span> 
     </span>
    </p>
   </div>
   <div class='ocr_carea' id='block_1_7' title="bbox 655 2292 2098 4438">
    <p class='ocr_par' dir='ltr' id='par_1_7' title="bbox 655 2292 2098 4438">
     <span class='ocr_line' id='line_1_14' title="bbox 769 2292 2043 2408; baseline -0.003 -30"><span class='ocrx_word' id='word_1_105' title='bbox 769 2298 958 2404; x_wconf 85' lang='lat' dir='ltr'>quaedam</span> <span class='ocrx_word' id='word_1_106' title='bbox 990 2293 1249 2407; x_wconf 56' lang='lat' dir='ltr'>operationes&lt;</span> <span class='ocrx_word' id='word_1_107' title='bbox 1263 2294 1305 2373; x_wconf 88' lang='lat' dir='ltr'>in</span> <span class='ocrx_word' id='word_1_108' title='bbox 1336 2292 1446 2375; x_wconf 81' lang='lat' dir='ltr'>usum</span> <span class='ocrx_word' id='word_1_109' title='bbox 1480 2312 1696 2383; x_wconf 82' lang='lat' dir='ltr'>vocentur,</span> <span class='ocrx_word' id='word_1_110' title='bbox 1728 2319 1902 2408; x_wconf 73' lang='lat' dir='ltr'>nouoque</span> <span class='ocrx_word' id='word_1_111' title='bbox 1925 2311 1928 2315; x_wconf 88' lang='grc'><strong><em>·</em></strong></span> <span class='ocrx_word' id='word_1_112' title='bbox 1951 2313 2043 2385; x_wconf 75' lang='lat' dir='ltr'>rno-⁴</span> 
     </span>
     <span class='ocr_line' id='line_1_15' title="bbox 655 2415 2042 2533; baseline 0.003 -28"><span class='ocrx_word' id='word_1_113' title='bbox 655 2502 656 2507; x_wconf 13' lang='lat' dir='ltr'>t</span> <span class='ocrx_word' id='word_1_114' title='bbox 769 2420 825 2504; x_wconf 93' lang='lat' dir='ltr'>do</span> <span class='ocrx_word' id='word_1_115' title='bbox 854 2422 956 2505; x_wconf 89' lang='lat' dir='ltr'>inter</span> <span class='ocrx_word' id='word_1_116' title='bbox 993 2420 1026 2505; x_wconf 92' lang='lat' dir='ltr'>se</span> <span class='ocrx_word' id='word_1_117' title='bbox 1063 2419 1365 2525; x_wconf 86' lang='lat' dir='ltr'>combinentur,</span> <span class='ocrx_word' id='word_1_118' title='bbox 1410 2417 1460 2503; x_wconf 89' lang='lat' dir='ltr'>ad</span> <span class='ocrx_word' id='word_1_119' title='bbox 1491 2415 1623 2503; x_wconf 89' lang='lat' dir='ltr'>caltuii</span> <span class='ocrx_word' id='word_1_120' title='bbox 1668 2418 1883 2505; x_wconf 73' lang='lat' dir='ltr'>subsidium</span> <span class='ocrx_word' id='word_1_121' title='bbox 1903 2478 1907 2482; x_wconf 66' lang='lat'>‚</span> <span class='ocrx_word' id='word_1_122' title='bbox 1919 2425 2042 2533; x_wconf 90' lang='lat' dir='ltr'>pluri·</span> 
     </span>
     <span class='ocr_line' id='line_1_16' title="bbox 770 2546 2042 2659; baseline 0.001 -25"><span class='ocrx_word' id='word_1_123' title='bbox 770 2570 883 2634; x_wconf 86' lang='lat' dir='ltr'>mum</span> <span class='ocrx_word' id='word_1_124' title='bbox 914 2549 1054 2633; x_wconf 88' lang='lat' dir='ltr'>interea</span> <span class='ocrx_word' id='word_1_125' title='bbox 1089 2546 1315 2659; x_wconf 84' lang='lat' dir='ltr'>quantitates</span> <span class='ocrx_word' id='word_1_126' title='bbox 1348 2546 1438 2630; x_wconf 89' lang='lat' dir='ltr'>inde</span> <span class='ocrx_word' id='word_1_127' title='bbox 1472 2563 1575 2630; x_wconf 90' lang='lat' dir='ltr'>natas</span> <span class='ocrx_word' id='word_1_128' title='bbox 1604 2546 1714 2629; x_wconf 82' lang='lat' dir='ltr'>nouis</span> <span class='ocrx_word' id='word_1_129' title='bbox 1741 2548 1857 2657; x_wconf 79' lang='lat' dir='ltr'>inque</span> <span class='ocrx_word' id='word_1_130' title='bbox 1894 2549 2042 2635; x_wconf 79' lang='lat' dir='ltr'>idoneis</span> 
     </span>
     <span class='ocr_line' id='line_1_17' title="bbox 768 2670 2043 2786; baseline 0.002 -25"><span class='ocrx_word' id='word_1_131' title='bbox 768 2672 880 2785; x_wconf 85' lang='lat' dir='ltr'>fignis</span> <span class='ocrx_word' id='word_1_132' title='bbox 909 2675 1125 2786; x_wconf 84' lang='lat' dir='ltr'>designari,</span> <span class='ocrx_word' id='word_1_133' title='bbox 1159 2693 1203 2757; x_wconf 80' lang='lat' dir='ltr'>vt</span> <span class='ocrx_word' id='word_1_134' title='bbox 1231 2674 1279 2758; x_wconf 85' lang='lat' dir='ltr'>iis</span> <span class='ocrx_word' id='word_1_135' title='bbox 1308 2672 1489 2782; x_wconf 82' lang='lat' dir='ltr'>deinceps</span> <span class='ocrx_word' id='word_1_136' title='bbox 1519 2670 1631 2757; x_wconf 80' lang='lat' dir='ltr'>simili</span> <span class='ocrx_word' id='word_1_137' title='bbox 1663 2670 1820 2759; x_wconf 79' lang='lat' dir='ltr'>successu</span> <span class='ocrx_word' id='word_1_138' title='bbox 1849 2675 1890 2758; x_wconf 92' lang='lat' dir='ltr'>in</span> <span class='ocrx_word' id='word_1_139' title='bbox 1919 2675 2043 2763; x_wconf 75' lang='lat' dir='ltr'>calcu</span> 
     </span>
     <span class='ocr_line' id='line_1_18' title="bbox 767 2795 2040 2919; baseline 0.002 -31"><span class='ocrx_word' id='word_1_140' title='bbox 767 2801 810 2888; x_wconf 91' lang='lat' dir='ltr'>lo</span> <span class='ocrx_word' id='word_1_141' title='bbox 840 2802 897 2885; x_wconf 81' lang='lat' dir='ltr'>uti</span> <span class='ocrx_word' id='word_1_142' title='bbox 950 2802 1070 2890; x_wconf 87' lang='lat' dir='ltr'>liceat.</span> <span class='ocrx_word' id='word_1_143' title='bbox 1134 2796 1236 2888; x_wconf 85' lang='lat' dir='ltr'>Cum</span> <span class='ocrx_word' id='word_1_144' title='bbox 1277 2801 1389 2919; x_wconf 86' lang='lat' dir='ltr'>igitur</span> <span class='ocrx_word' id='word_1_145' title='bbox 1415 2795 1499 2887; x_wconf 85' lang='lat' dir='ltr'>Cel.</span> <span class='ocrx_word' id='word_1_146' title='bbox 1533 2798 1686 2886; x_wconf 79' lang='lat' dir='ltr'>Auiior</span> <span class='ocrx_word' id='word_1_147' title='bbox 1715 2801 1972 2912; x_wconf 82' lang='lat' dir='ltr'>obsemniiet,</span> <span class='ocrx_word' id='word_1_148' title='bbox 1999 2806 2040 2891; x_wconf 92' lang='lat' dir='ltr'>in</span> 
     </span>
     <span class='ocr_line' id='line_1_19' title="bbox 769 2927 2041 3042; baseline 0.004 -30"><span class='ocrx_word' id='word_1_149' title='bbox 769 2927 988 3014; x_wconf 90' lang='lat' dir='ltr'>enolntione</span> <span class='ocrx_word' id='word_1_150' title='bbox 1038 2929 1263 3014; x_wconf 77' lang='lat' dir='ltr'>stastionum</span> <span class='ocrx_word' id='word_1_151' title='bbox 1313 2932 1611 3036; x_wconf 79' lang='lat' dir='ltr'>continuorum,</span> <span class='ocrx_word' id='word_1_152' title='bbox 1634 2953 1820 3042; x_wconf 87' lang='lat' dir='ltr'>-qnarum</span> <span class='ocrx_word' id='word_1_153' title='bbox 1858 2929 1953 3015; x_wconf 60' lang='lat' dir='ltr'>vusus</span> <span class='ocrx_word' id='word_1_154' title='bbox 1985 2935 2041 3017; x_wconf 88' lang='lat' dir='ltr'>in</span> 
     </span>
     <span class='ocr_line' id='line_1_20' title="bbox 769 3055 2078 3169; baseline 0.002 -26"><span class='ocrx_word' id='word_1_155' title='bbox 769 3056 929 3162; x_wconf 76' lang='lat' dir='ltr'>Anatyfi</span> <span class='ocrx_word' id='word_1_156' title='bbox 961 3057 1016 3142; x_wconf 86' lang='lat' dir='ltr'>eii</span> <span class='ocrx_word' id='word_1_157' title='bbox 1047 3055 1295 3167; x_wconf 84' lang='lat' dir='ltr'>ampiiffimus</span> <span class='ocrx_word' id='word_1_158' title='bbox 1313 3105 1339 3166; x_wconf 46' lang='lat'>,1</span> <span class='ocrx_word' id='word_1_159' title='bbox 1357 3057 1577 3169; x_wconf 71' lang='lat' dir='ltr'>quantitates</span> <span class='ocrx_word' id='word_1_160' title='bbox 1605 3074 1714 3142; x_wconf 86' lang='lat' dir='ltr'>cetto</span> <span class='ocrx_word' id='word_1_161' title='bbox 1739 3059 1923 3168; x_wconf 81' lang='lat' dir='ltr'>quodam</span> <span class='ocrx_word' id='word_1_162' title='bbox 1946 3083 2041 3145; x_wconf 66' lang='lat' dir='ltr'>mos</span> <span class='ocrx_word' id='word_1_163' title='bbox 2074 3119 2078 3124; x_wconf 72' lang='lat'><em>‚</em></span> 
     </span>
     <span class='ocr_line' id='line_1_21' title="bbox 767 3183 2038 3298; baseline 0.006 -31"><span class='ocrx_word' id='word_1_164' title='bbox 767 3183 823 3268; x_wconf 89' lang='lat' dir='ltr'>do</span> <span class='ocrx_word' id='word_1_165' title='bbox 852 3209 922 3295; x_wconf 87' lang='lat' dir='ltr'>per</span> <span class='ocrx_word' id='word_1_166' title='bbox 955 3185 1074 3298; x_wconf 82' lang='lat' dir='ltr'>uarias</span> <span class='ocrx_word' id='word_1_167' title='bbox 1103 3184 1345 3295; x_wconf 83' lang='lat' dir='ltr'>operationes</span> <span class='ocrx_word' id='word_1_168' title='bbox 1375 3187 1475 3270; x_wconf 88' lang='lat' dir='ltr'>inter</span> <span class='ocrx_word' id='word_1_169' title='bbox 1505 3185 1540 3269; x_wconf 93' lang='lat' dir='ltr'>se</span> <span class='ocrx_word' id='word_1_170' title='bbox 1570 3185 1821 3298; x_wconf 88' lang='lat' dir='ltr'>combinari,</span> <span class='ocrx_word' id='word_1_171' title='bbox 1859 3188 2038 3297; x_wconf 79' lang='lat' dir='ltr'>querite·</span> 
     </span>
     <span class='ocr_line' id='line_1_22' title="bbox 768 3310 2040 3422; baseline 0.005 -27"><span class='ocrx_word' id='word_1_172' title='bbox 768 3328 825 3395; x_wconf 86' lang='lat' dir='ltr'>tes</span> <span class='ocrx_word' id='word_1_173' title='bbox 856 3310 948 3396; x_wconf 88' lang='lat' dir='ltr'>hine</span> <span class='ocrx_word' id='word_1_174' title='bbox 979 3333 1081 3398; x_wconf 86' lang='lat' dir='ltr'>ortas</span> <span class='ocrx_word' id='word_1_175' title='bbox 1112 3311 1222 3422; x_wconf 84' lang='lat' dir='ltr'>signis</span> <span class='ocrx_word' id='word_1_176' title='bbox 1247 3312 1500 3421; x_wconf 75' lang='lat' dir='ltr'>‚peculiaribus</span> <span class='ocrx_word' id='word_1_177' title='bbox 1516 3313 1699 3397; x_wconf 75' lang='lat' dir='ltr'>deuotam</span> <span class='ocrx_word' id='word_1_178' title='bbox 1723 3313 1880 3419; x_wconf 76' lang='lat' dir='ltr'>stituit,</span> <span class='ocrx_word' id='word_1_179' title='bbox 1912 3312 2040 3401; x_wconf 71' lang='lat' dir='ltr'>timo</span> 
     </span>
     <span class='ocr_line' id='line_1_23' title="bbox 765 3435 2098 3552; baseline 0.005 -30"><span class='ocrx_word' id='word_1_180' title='bbox 765 3464 841 3550; x_wconf 89' lang='lat' dir='ltr'>que</span> <span class='ocrx_word' id='word_1_181' title='bbox 871 3437 1066 3552; x_wconf 85' lang='lat' dir='ltr'>specimen</span> <span class='ocrx_word' id='word_1_182' title='bbox 1100 3443 1192 3524; x_wconf 88' lang='lat' dir='ltr'>noui</span> <span class='ocrx_word' id='word_1_183' title='bbox 1220 3439 1440 3549; x_wconf 81' lang='lat' dir='ltr'>algorithmi</span> <span class='ocrx_word' id='word_1_184' title='bbox 1473 3441 1571 3524; x_wconf 79' lang='lat' dir='ltr'>cirea</span> <span class='ocrx_word' id='word_1_185' title='bbox 1601 3435 1671 3522; x_wconf 84' lang='lat' dir='ltr'>bas</span> <span class='ocrx_word' id='word_1_186' title='bbox 1699 3442 1924 3550; x_wconf 84' lang='lat' dir='ltr'>quantintet</span> <span class='ocrx_word' id='word_1_187' title='bbox 1967 3465 2045 3529; x_wconf 84' lang='lat' dir='ltr'>ex·</span> <span class='ocrx_word' id='word_1_188' title='bbox 2095 3491 2098 3497; x_wconf 92' lang='lat'>·</span> 
     </span>
     <span class='ocr_line' id='line_1_24' title="bbox 766 3564 2039 3677; baseline 0.002 -26"><span class='ocrx_word' id='word_1_189' title='bbox 766 3564 900 3651; x_wconf 93' lang='lat' dir='ltr'>hibere</span> <span class='ocrx_word' id='word_1_190' title='bbox 948 3567 1161 3672; x_wconf 86' lang='lat' dir='ltr'>decreuit,</span> <span class='ocrx_word' id='word_1_191' title='bbox 1192 3567 1301 3650; x_wconf 86' lang='lat' dir='ltr'>euius</span> <span class='ocrx_word' id='word_1_192' title='bbox 1350 3569 1457 3652; x_wconf 82' lang='lat' dir='ltr'>usum</span> <span class='ocrx_word' id='word_1_193' title='bbox 1480 3617 1484 3622; x_wconf 91' lang='lat'><em>-</em></span> <span class='ocrx_word' id='word_1_194' title='bbox 1506 3565 1695 3677; x_wconf 83' lang='lat' dir='ltr'>infignem</span> <span class='ocrx_word' id='word_1_195' title='bbox 1747 3569 1844 3653; x_wconf 83' lang='lat' dir='ltr'>adeo</span> <span class='ocrx_word' id='word_1_196' title='bbox 1880 3570 1961 3653; x_wconf 90' lang='lat' dir='ltr'>iam</span> <span class='ocrx_word' id='word_1_197' title='bbox 1995 3571 2039 3654; x_wconf 88' lang='lat' dir='ltr'>in</span> 
     </span>
     <span class='ocr_line' id='line_1_25' title="bbox 767 3692 2040 3806; baseline 0.006 -32"><span class='ocrx_word' id='word_1_198' title='bbox 767 3693 1019 3806; x_wconf 89' lang='lat' dir='ltr'>praecedente</span> <span class='ocrx_word' id='word_1_199' title='bbox 1051 3692 1304 3777; x_wconf 81' lang='lat' dir='ltr'>dissertatione</span> <span class='ocrx_word' id='word_1_200' title='bbox 1333 3693 1522 3793; x_wconf 88' lang='lat' dir='ltr'>ostendit,</span> <span class='ocrx_word' id='word_1_201' title='bbox 1553 3711 1593 3775; x_wconf 91' lang='lat' dir='ltr'>et</span> <span class='ocrx_word' id='word_1_202' title='bbox 1626 3693 1668 3776; x_wconf 91' lang='lat' dir='ltr'>in</span> <span class='ocrx_word' id='word_1_203' title='bbox 1698 3692 1931 3804; x_wconf 78' lang='lat' dir='ltr'>ssqmntibm</span> <span class='ocrx_word' id='word_1_204' title='bbox 1958 3695 2040 3781; x_wconf 86' lang='lat' dir='ltr'>sor·</span> 
     </span>
     <span class='ocr_line' id='line_1_26' title="bbox 669 3813 2037 3928; baseline 0.01 -27"><span class='ocrx_word' id='word_1_205' title='bbox 669 3827 676 3841; x_wconf 83' lang='lat'>&#39;</span> <span class='ocrx_word' id='word_1_206' title='bbox 768 3821 860 3904; x_wconf 80' lang='lat' dir='ltr'>tasse</span> <span class='ocrx_word' id='word_1_207' title='bbox 893 3817 1017 3904; x_wconf 87' lang='lat' dir='ltr'>adhuc</span> <span class='ocrx_word' id='word_1_208' title='bbox 1051 3823 1200 3904; x_wconf 77' lang='lat' dir='ltr'>uberius</span> <span class='ocrx_word' id='word_1_209' title='bbox 1230 3816 1283 3900; x_wconf 88' lang='lat' dir='ltr'>cii</span> <span class='ocrx_word' id='word_1_210' title='bbox 1314 3816 1573 3904; x_wconf 81' lang='lat' dir='ltr'>declaraturus.</span> <span class='ocrx_word' id='word_1_211' title='bbox 1620 3813 1832 3928; x_wconf 80' lang='lat' dir='ltr'>&#39;Propositis</span> <span class='ocrx_word' id='word_1_212' title='bbox 1846 3825 2037 3914; x_wconf 82' lang='lat' dir='ltr'>nimitum</span> 
     </span>
     <span class='ocr_line' id='line_1_27' title="bbox 765 3943 2039 4058; baseline 0.006 -30"><span class='ocrx_word' id='word_1_213' title='bbox 765 3966 1012 4055; x_wconf 88' lang='lat' dir='ltr'>quotcunque</span> <span class='ocrx_word' id='word_1_214' title='bbox 1042 3946 1211 4032; x_wconf 86' lang='lat' dir='ltr'>numeris</span> <span class='ocrx_word' id='word_1_215' title='bbox 1238 3969 1300 4058; x_wconf 84' lang='lat' dir='ltr'>a,</span> <span class='ocrx_word' id='word_1_216' title='bbox 1336 3945 1390 4051; x_wconf 87' lang='lat' dir='ltr'>b,</span> <span class='ocrx_word' id='word_1_217' title='bbox 1422 3973 1477 4054; x_wconf 91' lang='lat' dir='ltr'>c,</span> <span class='ocrx_word' id='word_1_218' title='bbox 1503 3950 1560 4054; x_wconf 84' lang='lat' dir='ltr'>d,</span> <span class='ocrx_word' id='word_1_219' title='bbox 1587 3973 1638 4054; x_wconf 86' lang='lat' dir='ltr'>e,</span> <span class='ocrx_word' id='word_1_220' title='bbox 1664 3943 1842 4034; x_wconf 36' lang='lat' dir='ltr'>‘formulae</span> <span class='ocrx_word' id='word_1_221' title='bbox 1872 3949 1949 4034; x_wconf 88' lang='lat' dir='ltr'>boe</span> <span class='ocrx_word' id='word_1_222' title='bbox 1988 3949 2039 4036; x_wconf 84' lang='lat' dir='ltr'>si·</span> 
     </span>
     <span class='ocr_line' id='line_1_28' title="bbox 764 4070 2038 4186; baseline 0.005 -30"><span class='ocrx_word' id='word_1_223' title='bbox 764 4085 849 4184; x_wconf 73' lang='lat' dir='ltr'>gno</span> <span class='ocrx_word' id='word_1_224' title='bbox 878 4071 1051 4182; x_wconf 78' lang='lat' dir='ltr'>expressi</span> <span class='ocrx_word' id='word_1_225' title='bbox 1093 4071 1190 4184; x_wconf 87' lang='lat' dir='ltr'>(a,</span> <span class='ocrx_word' id='word_1_226' title='bbox 1219 4075 1275 4176; x_wconf 81' lang='lat' dir='ltr'>b,</span> <span class='ocrx_word' id='word_1_227' title='bbox 1304 4099 1360 4180; x_wconf 83' lang='lat' dir='ltr'>e,</span> <span class='ocrx_word' id='word_1_228' title='bbox 1389 4073 1448 4176; x_wconf 83' lang='lat' dir='ltr'>d,</span> <span class='ocrx_word' id='word_1_229' title='bbox 1482 4099 1532 4176; x_wconf 86' lang='lat' dir='ltr'>e,</span> <span class='ocrx_word' id='word_1_230' title='bbox 1567 4070 1583 4186; x_wconf 87' lang='lat'>)</span> <span class='ocrx_word' id='word_1_231' title='bbox 1631 4098 1834 4163; x_wconf 86' lang='lat' dir='ltr'>nnmemm</span> <span class='ocrx_word' id='word_1_232' title='bbox 1869 4077 2038 4162; x_wconf 87' lang='lat' dir='ltr'>denotat</span> 
     </span>
     <span class='ocr_line' id='line_1_29' title="bbox 765 4201 2040 4314; baseline 0.009 -35"><span class='ocrx_word' id='word_1_233' title='bbox 765 4221 838 4314; x_wconf 91' lang='lat' dir='ltr'>per</span> <span class='ocrx_word' id='word_1_234' title='bbox 869 4218 990 4284; x_wconf 83' lang='lat' dir='ltr'>certas</span> <span class='ocrx_word' id='word_1_235' title='bbox 1020 4201 1198 4309; x_wconf 77' lang='lat' dir='ltr'>quosdam</span> <span class='ocrx_word' id='word_1_236' title='bbox 1231 4203 1472 4308; x_wconf 83' lang='lat' dir='ltr'>operationes</span> <span class='ocrx_word' id='word_1_237' title='bbox 1510 4202 1601 4286; x_wconf 89' lang='lat' dir='ltr'>inde</span> <span class='ocrx_word' id='word_1_238' title='bbox 1648 4202 1880 4311; x_wconf 89' lang='lat' dir='ltr'>oriundum,</span> <span class='ocrx_word' id='word_1_239' title='bbox 1913 4203 2040 4291; x_wconf 74' lang='lat' dir='ltr'>cuim</span> 
     </span>
     <span class='ocr_line' id='line_1_30' title="bbox 765 4325 2034 4438; baseline 0.004 -26"><span class='ocrx_word' id='word_1_240' title='bbox 765 4325 880 4412; x_wconf 74' lang='lat' dir='ltr'>calor</span> <span class='ocrx_word' id='word_1_241' title='bbox 909 4344 981 4436; x_wconf 83' lang='lat' dir='ltr'>pen</span> <span class='ocrx_word' id='word_1_242' title='bbox 1012 4327 1206 4438; x_wconf 85' lang='lat' dir='ltr'>panciores</span> <span class='ocrx_word' id='word_1_243' title='bbox 1234 4327 1422 4412; x_wconf 86' lang='lat' dir='ltr'>continno</span> <span class='ocrx_word' id='word_1_244' title='bbox 1450 4325 1691 4438; x_wconf 83' lang='lat' dir='ltr'>procedendo</span> <span class='ocrx_word' id='word_1_245' title='bbox 1722 4332 1774 4415; x_wconf 81' lang='lat' dir='ltr'>ito</span> <span class='ocrx_word' id='word_1_246' title='bbox 1816 4331 1852 4412; x_wconf 89' lang='lat' dir='ltr'>se</span> <span class='ocrx_word' id='word_1_247' title='bbox 1881 4327 2034 4437; x_wconf 83' lang='lat' dir='ltr'>habet,</span> 
     </span>
    </p>
   </div>
   <div class='ocr_carea' id='block_1_8' title="bbox 766 4441 2040 4698">
    <p class='ocr_par' dir='ltr' id='par_1_8' title="bbox 766 4441 2040 4698">
     <span class='ocr_line' id='line_1_31' title="bbox 766 4441 2038 4573; baseline 0.006 -36"><span class='ocrx_word' id='word_1_248' title='bbox 766 4451 872 4564; x_wconf 77' lang='lat' dir='ltr'>aqi</span> <span class='ocrx_word' id='word_1_249' title='bbox 901 4452 1000 4543; x_wconf 81' lang='lat' dir='ltr'>nuile</span> <span class='ocrx_word' id='word_1_250' title='bbox 1031 4453 1156 4546; x_wconf 82' lang='lat' dir='ltr'>linem</span> <span class='ocrx_word' id='word_1_251' title='bbox 1184 4453 1373 4545; x_wconf 71' lang='lat' dir='ltr'>smnus</span> <span class='ocrx_word' id='word_1_252' title='bbox 1402 4441 1622 4560; x_wconf 73' lang='lat' dir='ltr'>ineiudnm,</span> <span class='ocrx_word' id='word_1_253' title='bbox 1638 4454 1756 4543; x_wconf 77' lang='lat' dir='ltr'>ueluti</span> <span class='ocrx_word' id='word_1_254' title='bbox 1784 4450 1825 4573; x_wconf 83' lang='lat'>0</span> <span class='ocrx_word' id='word_1_255' title='bbox 1858 4457 1966 4543; x_wconf 73' lang='lat' dir='ltr'>etur</span> <span class='ocrx_word' id='word_1_256' title='bbox 1990 4455 2038 4546; x_wconf 86' lang='lat' dir='ltr'>sit</span> 
     </span>
     <span class='ocr_line' id='line_1_32' title="bbox 1488 4607 2040 4698; baseline 0.002 -2"><span class='ocrx_word' id='word_1_257' title='bbox 1488 4651 1492 4671; x_wconf 90' lang='lat'>·</span> <span class='ocrx_word' id='word_1_258' title='bbox 1900 4607 2040 4698; x_wconf 60' lang='lat' dir='ltr'>Pisi*</span> 
     </span>
    </p>
   </div>
   <div class='ocr_carea' id='block_1_9' title="bbox 0 0 2272 5750">
    <p class='ocr_par' dir='ltr' id='par_1_9' title="bbox 0 0 2272 5750">
     <span class='ocr_line' id='line_1_33' title="bbox 0 0 2272 5750; baseline 0 4"><span class='ocrx_word' id='word_1_259' title='bbox 0 0 2272 5750; x_wconf 95' lang='lat' dir='ltr'> </span> 
     </span>
    </p>
   </div>
  </div>
 </body>
</html>
