4534 5750
228 583 314 674 nr
346 579 1425 708 renouarat-pruncensueram-11

166 814 231 900 liat
265 811 420 926 quidem
435 861 452 922 ,·
479 815 717 926 aequationes
752 818 867 925 primi
899 819 1035 924 gradus
1066 819 1148 924 line
1178 818 1253 903 ulla
1295 820 1433 903 radicis

137 965 142 976 ·
165 945 410 1029 extractione
443 946 573 1026 resolui
596 933 731 1054 posse:
764 963 802 1026 at
831 949 1101 1055 aequationum
1129 950 1276 1031 secundi
1297 954 1432 1058 gradus

162 1073 347 1158 resolutio
378 1076 454 1158 iam
493 1073 777 1156 extructionem
819 1077 954 1156 radicis
1002 1079 1202 1183 quadratae
1252 1078 1428 1186 postulat.

161 1201 365 1288 Resolutio
395 1221 527 1286 autem
561 1220 831 1308 aequatrooum
868 1202 969 1283 tertii
1003 1205 1137 1310 gradus
1177 1225 1258 1288 tam
1304 1228 1433 1286 extra·

161 1329 337 1414 dionem
371 1332 506 1416 radicis
535 1329 754 1438 quadratae,
789 1354 899 1436 quam
934 1333 1113 1442 cubicae,
1151 1333 1355 1442 implicat,
1390 1348 1430 1412 et

160 1461 283 1568 quarti
312 1459 448 1568 gradus
481 1454 660 1540 resolutio
691 1455 841 1565 insuper
872 1459 1150 1544 extructionem
1184 1461 1321 1543 radicis
1370 1460 1432 1542 bi·

161 1588 365 1696 quadratae
395 1589 528 1696 exigit.
594 1583 657 1669 Er
690 1581 749 1666 his
780 1603 908 1670 autem
944 1603 1028 1668 tuto
1059 1589 1281 1672 concludere
1313 1588 1428 1694 licet,
1523 1606 1528 1612 ⁴

157 1713 430 1800 resolutionem
461 1713 693 1824 aequationis
724 1712 842 1822 quinti
894 1716 1030 1821 gradus
1078 1714 1299 1826 generalem
1350 1739 1427 1799 ex·

160 1843 388 1926 tradilonem
422 1845 556 1926 radicis
583 1837 821 1924 surdesolidae
855 1857 1003 1948 praeter
1035 1867 1170 1926 omnes
1203 1844 1344 1928 radices
1367 1844 1423 1928 in-

159 1969 309 2054 feriores
337 1970 556 2080 postulare,
602 1988 712 2076 atque
747 1971 786 2048 in
837 1991 976 2075 genere
1025 1971 1138 2053 radix
1190 1972 1428 2078 aequationis

159 2101 316 2184 cuiusuis
349 2102 500 2210 ‚gradus
550 2122 574 2180 n
620 2094 861 2204 exprimetur
892 2117 961 2201 pet
992 2095 1196 2186 sirmam,
1245 2119 1344 2204 quae
1377 2121 1427 2180 ex
1474 2187 1477 2192 ,

157 2229 340 2312 omnibus
370 2226 482 2336 fignis
513 2224 753 2330 radicalibus,
784 2240 868 2306 tam
891 2223 1028 2330 gradus
1043 2247 1088 2332 n,
1107 2247 1221 2334 quam
1241 2224 1426 2334 graduum

158 2354 403 2466 inseriomm,
434 2357 507 2438 etit
538 2349 767 2462 composta.

310 2581 352 2660 3.
387 2561 494 2646 llaec
523 2558 765 2670 perpendens
800 2560 897 2646 olim
937 2562 979 2643 in
1013 2553 1242 2646 Comment-
1296 2561 1421 2646 dead.

155 2684 305 2799 Imper.
340 2689 488 2796 Petrop.
526 2687 650 2774 Tomi
684 2686 753 2770 Vl.
792 2690 1053 2774 coniecturam
1086 2691 1188 2772 austu
1216 2685 1297 2772 sum
1331 2716 1423 2800 pro,-

157 2817 252 2905 serre
304 2817 403 2903 circa
449 2817 587 2902 formu
641 2818 809 2901 radicum
858 2822 1111 2929 cuiuscunque
1165 2819 1418 2931 aequatiouis.

155 2946 353 3059 Proposita
372 2970 548 3057 namque
579 2947 804 3055 aequatione
836 2951 973 3056 gradus
1004 2948 1165 3030 cuiusuis

276 3086 1321 3195 xl÷Ax”-²÷Bm-=÷Cxt·*÷etc.20.
1402 3072 1415 3147 ἑ

158 3252 196 3335 in
229 3276 299 3365 qua
329 3252 526 3338 secundum
562 3257 773 3339 terminum
806 3252 929 3339 deesse
970 3252 1146 3359 assumit,
1196 3254 1301 3366 quod
1334 3254 1417 3363 qul*

157 3381 248 3463 dem
282 3378 428 3493 semper
459 3406 602 3492 ponere
637 3384 758 3488 licet,
790 3382 985 3494 suspicatus
1016 3381 1122 3485 sum,
1156 3378 1306 3489 semper
1337 3377 1417 3465 dari

157 3511 423 3619 aequationem
459 3534 540 3592 vno
573 3512 689 3620 gradu
724 3512 943 3613 inferioris,
974 3510 1091 3591 ueluti

258 3660 367 3765 Γ·
382 3645 616 3758 *illel*
634 3676 689 3750 ÷
703 3644 939 3766 &yffi-l-
954 3628 1119 3763 diff
1139 3668 1207 3749 -t-
1225 3671 1299 3736 etc.
1321 3678 1418 3737 ΞΟ

159 3860 271 3945 quam
308 3830 409 3917 illius
442 3830 689 3915 resoluentem
722 3828 944 3941 appellaui,
976 3831 1027 3910 ita
1060 3848 1120 3930 rt,
1150 3818 1419 3909 fihuiuscon·

67 4020 77 4050 ³
120 3963 255 4047 *slent
284 3984 425 4044 omnes
457 3960 619 4062 radices,
648 3984 744 4069 quae
791 3959 861 4043 fiat
891 3986 953 4060 α,
991 3960 1053 4070 β,
1087 3984 1165 4069 γ,
1196 3948 1225 4035 d
1249 4016 1262 4057 ,
1292 3980 1308 4037 r
1340 3974 1416 4039 eto

158 4114 315 4201 quarum
351 4088 612 4171 numerueell
644 4109 873 4197 n-13ex
912 4087 957 4168 iis
999 4084 1111 4169 radix
1152 4083 1247 4167 iliius
1284 4107 1418 4197 aequa·

158 4220 276 4305 tionis
307 4218 361 4301 ita
394 4218 655 4327 exprimatur,
684 4232 726 4298 ut
760 4214 836 4302 sit:

275 4364 1049 4541 eziel-lsss-l-l‘y-l-‘ild-l-
1070 4438 1144 4510 etc.

1287 4634 1418 4749 Quam
