4534 5750
481 577 1089 756 Mdounrruo.
1344 685 1437 770 ³89

185 891 383 978 emtrarius
412 889 503 974 oriri
533 887 649 974 debet
674 845 894 998 euentus,
885 909 1021 1002 atque
1057 889 1238 977 absoiuto
1281 893 1440 1003 experi-

187 1040 318 1107 mento
349 1017 406 1104 sili
436 1018 752 1133 extremump,
793 1018 888 1142 vitra
926 1017 1179 1130 quantitatem
1228 1019 1439 1117 naturalem
1512 1095 1516 1104 .

185 1150 405 1260 magnerico
434 1145 557 1230 fluido
595 1131 813 1257 repletum,
856 1127 1075 1230 exuemum
1129 1172 1228 1235 vero
1274 1174 1303 1232 c
1349 1149 1440 1238 infra

184 1272 280 1362 hane
312 1275 564 1390 quantitatem
595 1292 846 1382 euacuatum,
878 1269 1150 1364 obseruabitur.
1218 1313 1221 1316 ·

334 1503 433 1594 Non
465 1499 656 1590 offendere
686 1499 828 1612 poterit
859 1497 1051 1610 sessores,
1082 1502 1159 1589 rite
1189 1524 1275 1590 rem
1319 1507 1444 1596 confi·
1558 1549 1599 1602 ,-

182 1627 382 1740 derantes,
408 1635 512 1744 qnod
543 1627 650 1712 sitias
679 1627 907 1740 hypotheses
940 1630 1005 1716 hic
1037 1633 1314 1740 adsumsetim,
1349 1659 1441 1746 qua·

179 1753 240 1842 ies
268 1759 381 1866 sunt,
413 1757 516 1866 quod
547 1753 729 1868 polorum
763 1755 979 1866 magnetis,
1024 1758 1089 1868 qui
1122 1761 1330 1846 tentamini
1374 1761 1442 1846 ad·

179 1881 368 1991 hibetur,
397 1885 485 1968 uim
516 1883 555 1966 in
586 1883 727 1993 punita
758 1881 798 1966 Α
829 1900 871 1966 et
899 1878 936 1966 B
965 1884 1144 1970 cordiam
1174 1885 1443 1997 supposuerim,

177 2013 358 2122 quodque
389 2009 562 2095 exerceri
595 2007 855 2120 magneticam
885 2012 1159 2098 attradiionem
1188 2030 1231 2096 et
1261 2013 1444 2126 repuifio-
1610 2079 1613 2085 .

175 2162 274 2228 nem
304 2138 505 2225 &undum
537 2135 796 2222 distantiarum
836 2137 1026 2248 rationem
1067 2139 1281 2253 inuersam,
1320 2141 1446 2226 admi.

175 2265 308 2352 serim.
361 2261 461 2353 Satis
492 2264 601 2351 enim
631 2263 781 2376 liquet,
812 2264 1157 2375 quomodocunque
1188 2265 1283 2353 haec
1313 2267 1445 2354 omnir

175 2395 468 2500 immutentur,
500 2391 715 2504 proditurus
740 2407 925 2502 perpetuo
955 2389 1245 2484 conclusiones.
1269 2391 1447 2506 iis,·quas

173 2547 231 2609 ex
263 2519 365 2608 sistis
396 2520 671 2634 hypothesibus
701 2520 842 2626 elicui,
874 2507 1017 2628 quoad
1039 2517 1326 2631 principaliores
1369 2519 1448 2606 cit·

173 2651 451 2758 cumsantias,
482 2649 648 2734 omnino
680 2645 855 2751 ssmiles,
889 2647 1007 2756 quod·
1028 2653 1104 2766 pro
1139 2645 1288 2760 scopo,
1326 2671 1445 2763 quem

173 2774 246 2866 iric
280 2777 543 2889 intendimus,
571 2775 717 2864 abunde
747 2770 898 2863 sufficit.

334 3008 496 3103 Nouum
516 3010 569 3099 in
598 3008 672 3099 hae
696 3048 699 3053 ¹
720 3009 970 3101 distentione
1013 3010 1209 3127 accipiunt
1253 3005 1446 3126 specinun

170 3153 343 3226 nuutae
375 3138 623 3246 scrutatores,
667 3162 853 3249 quantum
884 3140 1029 3227 theoria
1062 3166 1151 3227 mea
1203 3143 1447 3251 magnetica,

169 3264 216 3351 io
252 3264 476 3353 Temnon
512 3262 717 3354 Theonino·
754 3265 1033 3356 Eumenous.
1072 3283 1110 3354 et
1160 3270 1442 3379 Magnetismi,

167 3391 402 3507 exposita,
456 3418 547 3479 cum
606 3393 883 3507 phaendmmis
934 3392 1245 3495 difficilioribus,
1293 3414 1449 3479 namne

73 3508 78 3519 ’
166 3520 446 3607 consuetudini
472 3522 520 3607 ad
549 3524 719 3637 primum
748 3523 933 3615 intuitum
962 3524 1191 3633 euomuit,
1222 3536 1334 3633 atque
1361 3518 1447 3605 rai·
1494 3600 1497 3605 .

166 3646 224 3733 de
275 3652 525 3761 paradoxia,
571 3646 793 3748 consentiat,
860 3652 929 3735 An
971 3650 1098 3758 itaque
1145 3648 1323 3735 vanitatis
1364 3668 1450 3733 reus
1483 3671 1494 3767 j.

164 3778 354 3922 agendus
384 3799 488 3883 ero,
518 3776 547 3863 sc
584 3775 727 3885 srtear,
773 3776 824 3863 de
855 3778 920 3863 die
967 3777 1020 3863 in
1055 3777 1163 3861 dlem
1214 3797 1283 3860 me
1328 3774 1452 3883 magis

164 3903 391 4017 magisque
437 3904 644 4016 persuasam
683 3904 900 4016 euadere,
962 3900 1191 4049 hypothesin
1238 3900 1450 3987 admodum

46 4078 49 4090 ·
162 4031 437 4147 probabilem
486 4033 843 4145 phaenomenorum
896 4031 1200 4197 ungneticmum
1247 4050 1318 4117 me
1364 4026 1451 4116 orbi

163 4160 341 4246 erudito
369 4153 703 4274 proposuisses
822 4240 825 4247 ,
1449 4211 1452 4220 ·
1599 4154 1608 4163 ’

318 4497 1262 4565 tandm—“nunnunqu-

799 4706 943 4795 vva
1016 4730 1017 4733 ‘
1228 4691 1455 4799 ‘nuut-
