4534 5750
607 560 729 685 aaa
757 579 774 685 i
806 573 883 681 0.(
911 568 1029 683 234⁴·
1408 593 1464 677 οι
1485 587 1500 665 ’,

201 798 323 887 fionna
355 802 631 914 producantur,
664 825 781 915 quam
811 798 1129 887 circumstantiam
1181 796 1355 886 austorca
1389 824 1468 887 non

202 926 353 1039 semper
386 930 465 1013 satis
491 926 647 1013 sollicite
680 928 917 1041 perpendiiic
946 928 1164 1017 ridentur.-
1196 928 1467 1046 Quodiienint
1559 954 1563 963 ·

201 1058 335 1139 omnia
368 1080 523 1166 corpora
557 1083 630 1167 pro
661 1056 808 1140 catione
842 1054 1108 1164 magnitudinis
1138 1057 1188 1138 ab
1218 1057 1357 1141 endem
1383 1077 1468 1167 gra-

202 1182 254 1269 du
290 1184 424 1267 calonia
471 1184 638 1295 aetpralia
688 1184 898 1268 voluminis
940 1183 1179 1267 incrementa
1226 1187 1470 1295 acciperent,

201 1296 310 1395 nullo
339 1312 452 1419 plane
477 1310 626 1417 modo,
647 1308 755 1393 nobis
779 1310 957 1417 qurdem,
975 1307 1040 1393 hnc
1071 1311 1327 1426 mutatinum,
1351 1300 1470 1422 quanL

200 1459 342 1522 tumuts
372 1436 509 1523 fuerint
541 1462 723 1551 magone.
754 1434 951 1520 obseruare
983 1437 1136 1549 liceret,
1162 1438 1469 1551 quondoquidem

202 1568 319 1649 ctiam
352 1566 564 1673 mensurae,
599 1566 731 1675 quibus
762 1564 825 1649 ati
848 1558 1140 1672 consue'nimus,
1175 1588 1311 1675 parem
1345 1584 1471 1651 muta-

200 1670 346 1777 tio‘nem
378 1690 561 1798 subirent,
594 1692 729 1803 srcque'
752 1709 938 1804 perpetuo
967 1692 1013 1777 ad
1046 1715 1206 1803 corpora
1225 1693 1471 1779 mensuranda

198 1821 361 1907 candem
394 1824 587 1907 rationem
618 1818 891 1907 consumment.
982 1818 1129 1931 Neque
1171 1843 1264 1932 ergo
1293 1819 1470 1905 thermo·

200 1968 324 2033 metra
355 1950 548 2059 vulgaria,
567 1956 684 2037 eciam
707 1952 744 2033 io
777 1949 954 2033 maxima
982 1948 1219 2059 tempestatis
1247 1967 1471 2035 commuta·

199 2078 343 2191 tione2
368 2075 488 2162 vllam
533 2078 788 2161 variationem
834 2072 951 2156 effent
993 2071 1235 2179 indicatura,
1266 2076 1293 2158 ir
1326 2076 1473 2159 uitnum

199 2205 285 2317 pati
314 2206 539 2317 expanfioni
569 2230 593 2287 a
625 2206 752 2288 calore
780 2190 975 2285 oriundae'
992 2198 1081 2283 effer
1111 2197 1341 2306 obnoxium,
1363 2221 1474 2311 atquc

115 2326 120 2333 ’
198 2332 333 2441 liquoc'
363 2334 404 2415 in
436 2354 488 2415 en
518 2346 730 2413 contentus.
803 2327 868 2409 Ex
915 2348 991 2431 quo
1039 2326 1136 2409 haec
1189 2326 1489 2414 thermometra¹

198 2478 352 2543 catenus
384 2473 531 2539 tantum
563 2451 763 2544 variationi
795 2449 932 2531 caloris
961 2472 1006 2531 ac
1052 2448 1202 2559 frigoris
1248 2450 1472 2538 indicandae

197 2582 283 2668 sunt
313 2598 426 2692 apta,
475 2596 652 2690 quatenus
682 2576 838 2691 liquor,
885 2601 964 2687 qno
995 2575 1073 2660 tubi
1105 2576 1217 2661 vitrei
1249 2603 1338 2664 cum
1369 2580 1470 2669 bulla

198 2710 360 2795 subnexa
394 2705 546 2817 impleri
580 2708 714 2791 solent·
735 2710 926 2791 minorem
965 2704 1223 2815 mutationem
1269 2729 1292 2789 a
1341 2707 1471 2794 calore

200 2838 375 2952 pntimr,
405 2842 522 2947 q'uam
554 2832 679 2946 ipsum
705 2835 891 2944 nitrum3
927 2832 1025 2946 ¹quin
1058 2830 1180 2942 etam
1204 2835 1469 2948 oeceffeest,

200 2985 247 3050 vt
262 2966 443 3049 'mutatio
472 2962 561 3048 uitri
591 2959 716 3049 multo
746 2962 792 3049 fit
822 2964 984 3067 minor,
1011 2984 1127 3072 qnam
1162 2960 1349 3075 liquoris,
1381 2965 1471 3074 quia

202 3091 371 3204 alioquin
402 3087 557 3175 effecius
587 3115 722 3204 parum
755 3086 850 3174 effer
879 3089 1070 3176 tenibilis.
1133 3087 1224 3173 Hoc
1253 3091 1357 3175 idem
1377 3115 1472 3204 ergo

202 3243 354 3332 quoque
376 3221 433 3325 ne
463 3222 688 3330 corporibus
718 3216 863 3324 solicita,
879 3241 971 3330 quoe
1003 3219 1051 3307 ad
1081 3211 1250 3340 fimriem
1283 3219 1470 3306 enectum

202 3337 483 3457 producendum
500 3335 649 3430 ‚inerint
675 3342 919 3452 adhibenda,
951 3346 1024 3429 erit
1056 3349 1268 3432 tenendum
1282 3374 1309 3458 ,·
1327 3369 1371 3430 vr
1403 3351 1475 3433 ici.

201 3473 290 3558 licer
320 3479 501 3586 parietes,
539 3473 602 3557 uel
632 3474 722 3557 nlius
751 3474 901 3578 generis
931 3472 1200 3586 sustentacula,
1226 3479 1336 3558 iuxta
1374 3500 1516 3585 qnae.

204 3601 374 3688 mensumn
402 3603 545 3685 institui
577 3602 702 3702 debet,
720 3600 844 3684 multo
880 3599 1004 3684 minus
1033 3623 1056 3686 n
1085 3603 1213 3686 calore
1244 3599 1473 3712 afficiantur,

205 3755 317 3840 cpiam
350 3729 477 3840 virgae
508 3727 590 3812 illae
610 3718 638 3840 ,'
659 3727 721 3812 vei
754 3725 916 3836 bacilli,
945 3750 999 3812 ex
1038 3753 1202 3839 quorum
1235 3713 1474 3840 expanfione

201 3859 360 3966 gradum
390 3855 528 3940 caloris
557 3853 751 3941 diiudicati
780 3874 953 3966 oportet.
1016 3855 1187 3942 Pluribus
1236 3857 1350 3968 igiutt
1397 3882 1469 3944 ex-

201 3991 426 4095 perimentis
442 3977 594 4068 edoctus
611 3983 818 4068 obseruauit
835 3979 1088 4068 solertiffimus
1106 3981 1281 4091 Auctor,
1299 3987 1339 4067 in
1370 3983 1475 4073 hunc

203 4109 323 4197 finem
358 4113 512 4222 optimo
542 4109 704 4196 inccessiu
736 4109 911 4216 uncinos,
942 4117 1002 4195 ieu
1035 4107 1246 4220 cylindros,
1262 4114 1476 4227 metnllicos

207 4237 372 4325 adhiberi
405 4239 528 4350 posse,
545 4238 648 4323 inter
679 4261 774 4349 quos
802 4254 1013 4350 argenteon,
1046 4237 1106 4323 seu
1136 4239 1266 4325 ntum
1298 4265 1479 4353 cupreos,

199 4363 393 4476 engrano·
425 4363 663 4476 pouffimum
696 4361 922 4479 arbitratur,
956 4363 1060 4474 quon
1090 4388 1170 4450 non
1200 4353 1328 4451 totum
1356 4393 1381 4452 a
1409 4393 1477 4456 cn-

200 4491 293 4581 torn
322 4496 534 4585 mutatione
548 4495 750 4613 'inignem
779 4496 1035 4586 variationem
1055 4493 1262 4615 accipiant,
1278 4494 1346 4582 sed
1359 4498 1476 4582 etiam

1362 4644 1495 4732 ΡΜ,
