4534 5750
446 547 1147 712 ’'Macte-erton
1361 639 1454 742 2„

317 848 363 954 a)
396 838 545 950 „Tum
577 841 711 929 sensim
742 841 946 962 stnfimque
978 846 1378 966 parallelipipedotum
1397 858 1460 946 di·

195 962 512 1092 ,caricationem
545 971 858 1068 imminuebam.
901 993 942 1062 et
969 980 1316 1096 experimentum,
1364 1011 1460 1098 qua·

191 1103 294 1210 ,eie
340 1103 427 1187 vice
475 1124 624 1189 nouum
670 1100 888 1188 adhibendo
934 1101 1047 1190 filum
1081 1107 1164 1223 αβ,
1194 1114 1461 1227 repetebam,

193 1229 374 1342 „subque
418 1227 571 1314 initium
620 1227 775 1314 effeetus
805 1229 909 1316 idem
941 1231 1034 1318 iode
1061 1235 1234 1322 resultare
1264 1243 1463 1355 pergebat,
1539 1226 1542 1237 ’

195 1377 281 1474 „re
312 1373 435 1442 antea.
498 1355 571 1442 Ast
599 1365 691 1441 cum
722 1375 889 1442 eatenus
907 1360 1115 1448 imminuta
1145 1365 1241 1450 esset
1266 1367 1460 1481 disbotia,

197 1504 284 1597 „rt
314 1483 397 1594 poli
430 1483 470 1568 Α
500 1504 540 1594 et
574 1479 607 1572 B
638 1505 719 1574 non
751 1481 818 1569 nili
845 1483 1049 1576 dimidium
1078 1489 1227 1578 circiter
1259 1497 1461 1606 pollicem

193 1638 252 1718 „a
281 1615 315 1696 se
349 1612 516 1698 inuicem
546 1611 754 1702 distarent,
803 1631 985 1698 euentum
1014 1618 1182 1704 omniuo
1219 1626 1461 1709 contrarium

194 1739 456 1849 „sortiebatur
490 1757 701 1822 tentamen.
774 1735 860 1823 Iam
893 1741 997 1826 enim
1032 1769 1061 1828 a
1084 1743 1189 1858 polo
1215 1741 1266 1854 B,
1300 1750 1333 1866 β
1363 1771 1463 1838 vero

188 1867 342 1985 „polo
357 1869 415 1976 A,
445 1867 741 1976 homogeneom
774 1867 1010 1955 monstrabat
1040 1859 1351 1984 magontiam,
1426 1921 1431 1932 .

335 2095 517 2210 Quanta,
564 2093 732 2205 quaeso,
784 2093 1044 2183 admiratione
1087 2087 1463 2210 pertenientia

190 2240 354 2311 naturae
386 2220 598 2323 summor,
653 2222 750 2332 qui,
803 2248 874 2334 per
901 2225 1101 2310 innumera
1132 2233 1375 2339 tentamina,
1407 2235 1460 2319 de

186 2349 455 2463 experimenti
485 2349 536 2434 du
566 2347 721 2454 Fayanr'
751 2353 912 2434 veritate
944 2350 1140 2439 conuidtua
1158 2389 1182 2460 ,¹
1229 2356 1390 2444 fortuito
1416 2362 1461 2445 'ur

188 2475 671 2588 magnetemincidillet,
708 2478 774 2591 qui
803 2478 968 2568 omnino
995 2483 1231 2572 contrarium
1260 2482 1456 2593 deuse,

187 2599 424 2764 euentum?

352 2841 558 2955 Pergamos
587 2837 784 2931 alteriue
821 2841 969 2932 Pendet
1005 2842 1134 2935 redae
1171 2845 1236 2969 sg
1277 2845 1328 2937 rb
1372 2842 1466 2937 AB·

180 2969 368 3059 nstantia
396 2974 497 3081 (Fig.
530 2996 571 3056 a.
613 2969 765 3056 Dissert.
801 2967 1016 3083 praeced)
1026 2975 1163 3060 itidem
1195 2977 1245 3061 ab
1275 3003 1317 3084 a,
1351 2978 1402 3062 fic
1418 2995 1463 3062 rt

181 3099 352 3205 reliquia
381 3098 565 3183 ¹caloribus
614 3120 693 3179 noo
742 3106 924 3203 mutatis,
971 3124 1063 3185 cum
1095 3128 1142 3186 a
1190 3102 1458 3210 decrescente,

181 3224 371 3309 distantia
420 3224 514 3309 haec
561 3222 806 3335 adaugeatur.
903 3220 1007 3310 Cum
1057 3249 1206 3338 nempe
1269 3230 1315 3317 fit
1384 3232 1464 3341 ipsa

179 3368 280 3455 -1
289 3338 711 3504 azy-333,
771 3392 825 3452 ex
851 3362 959 3479 ipso
1008 3368 1196 3455 formulae
1243 3371 1381 3457 iunaitu
1411 3374 1465 3458 de

177 3514 391 3627 propositi
423 3519 581 3600 veritate
609 3516 769 3602 constat.
834 3514 1011 3633 Qrodsr
998 3534 1125 3627 utaque
1142 3514 1221 3601 duo
1236 3515 1377 3602 diuersa
1395 3516 1464 3606 fila

175 3643 355 3745 seneca,
408 3643 569 3728 alterum
601 3644 785 3748 mollius,
829 3645 989 3729 alterum
1023 3643 1148 3731 denua
1175 3642 1474 3752 adhibeantur,

176 3771 271 3877 stc,
314 3788 369 3854 vt
398 3769 598 3881 posteriori
630 3772 752 3856 maius
781 3772 1004 3882 respondeat
1035 3796 1077 3877 a,
1107 3794 1151 3855 ac
1185 3772 1342 3883 priori,
1376 3770 1464 3862 fieri

175 3901 386 4013 poterit,
435 3916 479 3984 vt
527 3923 601 4008 pro
648 3898 792 3995 duriori
823 3896 896 3984 filo
927 3895 1031 3991 resia
1051 3900 1117 4015 sg
1146 3897 1246 3983 ultra
1279 3899 1463 4009 puerum

172 4026 464 4115 extremitates
490 4027 961 4139 na,pq,l²ig.1.,pro
1003 4023 1181 4113 molliori
1202 4086 1206 4094 ·
1227 4048 1321 4111 vero
1367 4034 1465 4116 eitra

170 4159 278 4271 ipbre
312 4156 471 4260 eadat,
498 4172 658 4267 tumque
687 4154 845 4241 mollius
873 4153 1015 4261 filum,
1053 4155 1156 4267 polis
1183 4154 1387 4258 admotum
1412 4172 1465 4244 et

172 4308 301 4371 more
335 4281 397 4369 du
427 4279 583 4391 Fayano
613 4280 815 4391 strictum,
841 4302 1020 4368 euentun
1052 4282 1103 4369 du
1132 4280 1363 4389 Fayanaar,
1391 4284 1463 4371 da·

168 4414 255 4501 rius
290 4435 402 4497 uero
414 4473 428 4520 ,
458 4412 623 4496 omuino
648 4412 880 4496 contrarium
914 4408 1173 4513 monstrabit,
1204 4409 1253 4492 ste
1284 4431 1331 4494 vt
1358 4412 1463 4499 idem

172 4562 392 4659 magnes,
451 4536 514 4627 sib
570 4538 703 4626 iisdem
733 4544 965 4655 apparenter
993 4535 1280 4629 cmumdmnie
1298 4555 1322 4643 ,·
1363 4561 1480 4626 max⁴

1331 4662 1466 4779 bunc,
