4534 5750
542 429 1003 610 rr‘snrrfrr.
1298 590 1301 595 ,
1360 525 1454 612 429

189 745 438 833 connexum,
471 717 643 836 interque
673 725 891 836 posterioris
921 725 1043 812 finem
1072 742 1115 812 er
1139 725 1283 814 came
1310 727 1452 839 pinnae

188 855 334 940 initium
368 851 639 962 planiusculum
673 854 740 940 est.
820 854 987 940 Inferior
1019 858 1193 967 corporis
1233 854 1453 964 ‘superficies
1579 894 1582 898 ·

14 982 20 1030 ³·
188 1001 273 1070 ante
302 981 537 1082 acetabulum
569 979 836 1089 subcunuexa,
868 1008 971 1093 pone
999 983 1090 1067 illud
1121 1008 1236 1093 utque
1266 985 1314 1067 ad
1329 979 1451 1068 anm'u
1619 994 1621 997 ’
1657 1001 1663 1008 ’

15 1189 17 1222 ,
187 1109 420 1195 lucerinam
455 1108 699 1194 mediocriter
730 1111 924 1196 eunatam
955 1110 1181 1201 contraditi,
1211 1113 1452 1222 eiusdemque

186 1239 233 1325 ad
262 1236 379 1322 latera
409 1235 579 1340 inuata,
607 1239 656 1321 ab
687 1261 764 1352 ano
799 1263 893 1323 vero
911 1299 938 1344 ,.
962 1259 1043 1323 tam
1096 1242 1204 1324 iuxta
1253 1241 1456 1348 pinnam,

186 1387 298 1474 qnam
330 1387 434 1476 pone
463 1365 632 1449 eumad
669 1364 811 1448 caudae
848 1369 1008 1475 pinnam
1058 1389 1172 1476 reque
1222 1366 1452 1475 planiuscula
1590 1480 1594 1486 η

185 1511 356 1602 apparet.
419 1490 557 1578 Latera
588 1491 791 1600 corporis,
823 1515 846 1575 a
876 1494 1002 1602 capite
1031 1495 1172 1602 pinnae
1194 1492 1374 1578 dorlualis
1390 1496 1449 1579 se·

185 1621 328 1706 eundae
360 1623 556 1724 regionem
587 1619 745 1720 versus,
774 1639 949 1704 connexa
979 1622 1185 1730 primum,
1216 1621 1335 1727 inde,
1361 1646 1448 1706 mu·

185 1765 262 1854 tata
293 1743 425 1828 senlim
457 1743 498 1826 iu
528 1741 733 1851 planitiem
762 1753 1043 1854 connexitate,
1074 1747 1124 1831 ad
1155 1749 1447 1834 extremitatem

186 1893 301 1982 reque
333 1871 445 1982 plana
475 1871 572 1956 lunt.
750 1925 754 1932 .

334 2054 465 2172 Caput
495 2059 603 2145 latiur
630 2083 800 2172 pamm,
830 2081 949 2173 qurm
967 2062 1123 2167 altum,
1154 2059 1244 2148 hinc
1261 2062 1448 2174 quodam·

181 2187 304 2276 modo
337 2189 633 2300 plagioplatenm
665 2205 746 2274 tam
778 2191 878 2273 inter
905 2181 1068 2297 oculos,
1100 2193 1217 2304 qnam
1250 2188 1343 2274 inira
1360 2213 1447 2274 eoa.

180 2322 296 2421 dem,
328 2319 396 2403 rbi
429 2315 468 2400 iu
498 2317 646 2404 decline
694 2317 847 2428 oblique
883 2317 1104 2403 antrorsum·
1146 2317 1254 2424 abit,
1303 2341 1329 2400 e
1364 2317 1446 2428 pla·

179 2445 352 2532 olusculo
383 2443 516 2529 leuiter
548 2441 802 2555 imprelsum,
828 2444 896 2530 eil.
968 2447 1058 2554 Q,
1098 2445 1276 2556 ,respectu
1303 2467 1450 2556 corpo-

179 2577 265 2681 ris,
293 2574 502 2684 amplnm;
536 2571 653 2658 aetus
683 2574 792 2657 eninr
822 2573 1012 2658 diameter
1043 2575 1249 2658 transterit
1277 2573 1349 2656 toti
1382 2593 1448 2656 ca.

177 2703 271 2811 pitis
300 2701 486 2786 latitudini
516 2702 677 2814 aequalis·
703 2700 792 2785 est„
834 2700 1000 2785 Labium
1032 2700 1215 2788 maxillae
1245 2699 1451 2811 superioris

177 2827 330 2935 hrum,
368 2831 555 2933 craffum,
588 2829 781 2936 liberum,
814 2828 924 2940 inque
954 2831 1040 2915 oris.
1071 2848 1284 2931 extremo,
1332 2829 1450 2940 lepo-

175 2958 255 3042 rini
300 2957 387 3043 labii
434 2952 579 3061 inilar,
627 2956 788 3059 fissum,
852 2956 1008 3065 oblique
1056 2980 1192 3067 parum
1240 2956 1449 3040 retrorsum

174 3082 364 3170 flexum:
395 3085 568 3190 margine
597 3084 791 3169 exteriore
824 3081 1032 3193 longiore,
1064 3082 1259 3196 magisque
1297 3083 1448 3190 promi·

173 3228 331 3315 nente,
361 3209 539 3292 interiore
566 3210 768 3310 breuiore,
799 3208 995 3291 denticulis
1024 3211 1223 3317 contiguo.
1285 3209 1356 3293 Ex
1372 3210 1450 3292 hu·
1630 3268 1635 3276 -

172 3336 270 3443 ius,
303 3336 492 3420 interioris
524 3360 698 3445 nempe,
725 3334 892 3439 medio,
924 3336 1105 3445 proxime
1135 3331 1230 3417 iufra
1260 3318 1353 3418 mit
1379 3332 1448 3417 frs⁴

169 3462 334 3572 suram,
365 3461 508 3573 papilla
538 3467 724 3573 quaedam
756 3485 870 3571 parua
903 3460 1113 3571 prominet.
1195 3457 1359 3546 Labitun
1388 3465 1450 3547 in·

168 3590 322 3706 ferina,
351 3592 454 3701 quod
481 3592 565 3700 pari
594 3592 682 3673 cnm
711 3587 899 3699 superiore
929 3586 1050 3672 liffura
1080 3602 1258 3691 notatur,
1304 3585 1449 3699 iplim·

167 3728 254 3831 qu'e
286 3716 488 3803 maxillam
514 3716 695 3822 inuestit,
732 3714 964 3825 prominet,
1006 3738 1051 3801 ac
1083 3716 1132 3799 ab
1163 3715 1291 3799 antico
1334 3714 1491 3825 ipfiua‘

168 3864 217 3931 et
248 3844 428 3929 subrento
457 3844 632 3955 margine
656 3843 811 3953 oblique
839 3842 977 3927 surium
1010 3837 1286 3953 introrliamque
1316 3842 1447 3927 versus

165 3974 312 4059 denter
341 3972 510 4077 ducitur,
542 3972 716 4082 utrinqne
746 3972 989 4082 appendice,
1018 3994 1091 4082 qua
1124 3968 1318 4056 mediante
1353 3992 1447 4055 cum

164 4100 361 4215 firperinri
391 4100 441 4186 nd
468 4100 545 4183 uris
573 4100 727 4212 angulos
757 4099 1031 4211 coniungitur,
1059 4096 1230 4182 audium.

331 4292 455 4377 Vnica
486 4288 529 4375 in·
561 4288 720 4375 maxilla
752 4288 944 4401 mperinre
983 4285 1293 4393 denticulorum,
1337 4287 1447 4373 irtxta

159 4421 380 4609 intermori
404 4418 497 4511 labli
523 4413 720 4533 operieris
749 4418 967 4643 gaiqgliloeam
1002 4414 1358 4532 conspicieodotum
1371 4416 1447 4628 ἐξ
