4534 5750
618 487 1042 617 arsurum
1117 488 1123 498 ’
1383 544 1472 638 44,

91 846 108 882 ι,
198 780 285 848 rum
320 771 361 839 et
393 741 580 864 linctum,
627 754 668 838 in
698 772 884 840 extremo
914 755 1053 867 capitis
1083 731 1243 863 limbo,
1292 745 1477 870 liupeciori

200 891 303 974 labio
333 886 552 992 contiguo,
586 881 785 993 disposita,
816 868 981 997 aequalis
1010 909 1035 967 a
1067 887 1147 968 st
1138 889 1305 970 nutricem
1337 883 1473 970 distan-

102 1096 109 1111 ,
201 1023 317 1112 tiae,
346 1015 503 1094 caeteris
534 1011 712 1114 minora,
741 1009 947 1124 tbbuloqne
977 999 1172 1098 distituta
1162 1013 1377 1125 ,haecque
1410 1015 1474 1097 lex

203 1148 245 1230 iu
276 1129 512 1250 semicirculo
544 1134 609 1222 fita
642 1143 757 1248 lunt3
806 1137 1013 1265 septimum
1048 1143 1227 1250 proxime
1258 1143 1361 1254 supra
1394 1141 1478 1225 sex
1509 1191 1512 1198 ·

138 1303 143 1314 ’
204 1261 327 1377 tum,
359 1241 652 1414 prominulum3
684 1268 845 1351 tandem
877 1268 1033 1380 ubique
1065 1267 1261 1353 introrsum
1295 1257 1479 1354 octauum

206 1398 385 1509 aptiori
412 1413 453 1478 et
482 1395 631 1480 narium
663 1382 853 1478 foramine
883 1397 1010 1480 antico
1039 1393 1278 1508 aequaliter
1293 1398 1372 1480 fere
1417 1387 1483 1480 di
1532 1469 1550 1509 ,·

206 1529 337 1638 stans,
389 1527 604 1634 paruulum.
657 1519 719 1606 »Io
763 1521 927 1635 aliquali
968 1523 1018 1608 ab
1060 1516 1275 1638 maxillae
1295 1523 1485 1609 inferioris

207 1643 337 1741 limbo
361 1650 532 1734 distantia
562 1645 659 1732 osto
688 1653 825 1733 iterum
857 1668 1058 1735 occnrmnt
1107 1649 1372 1758 foraminula,
1420 1671 1483 1734 ra

207 1787 312 1868 riom
335 1776 457 1883 fitne,
491 1773 670 1860 maxillae
696 1775 858 1861 dnstum
886 1776 1089 1890 sequentia.
1154 1777 1310 1863 Praeter
1338 1777 1480 1912 haecce
1532 1799 1535 1804 ·

204 1903 423 2010 tubulorum
458 1899 584 2009 ostia,
629 1905 669 1986 in
701 1918 785 1987 crte
815 1905 933 2014 etiam
963 1901 1110 1988 circelli
1162 1905 1353 2013 minimi,
1400 1887 1481 1988 nor'r

204 2051 355 2119 tantum
388 2033 430 2115 in
460 2053 585 2142 prono
612 2021 780 2143 capite,
816 2005 1045 2145 praesertim
1077 2031 1183 2115 inter
1212 2031 1372 2138 oculos,
1415 2029 1479 2148 sed

204 2153 370 2246 etia'm
358 2185 400 2243 ιιι
431 2155 540 2242 dorso
566 2177 611 2242 et
641 2154 821 2244 lateribus
849 2158 1013 2272 rudique
1044 2157 1197 2270 sparlim
1232 2174 1473 2262 occurrunt,

203 2309 373 2399 numero
404 2283 593 2398 plurimi,
628 2284 817 2396 inaequali
849 2287 1009 2434 spatio
996 2303 1098 2373 rnter
1129 2287 1166 2370 se
1196 2287 1398 2394 dillantes,
1416 2303 1478 2369 vt

204 2391 415 2530 plurimum
446 2413 653 2504 diuortii,
698 2414 815 2496 rarius
852 2415 1037 2537 contigui.
1119 2412 1231 2501 Num
1260 2431 1382 2496 etex
1414 2409 1477 2497 his

55 2567 61 2580 ·
201 2545 334 2656 liquor
361 2537 536 2626 mucosus
561 2538 785 2645 ¹secemarnr,
801 2540 902 2626 milri
935 2564 1016 2624 non
1048 2558 1155 2644 certo
1183 2539 1355 2652 conllat3
1384 2551 1473 2652 pro

203 2669 296 2756 bare
324 2690 460 2755 tamen
489 2667 530 2751 id
561 2671 712 2755 ridetur
742 2668 844 2754 muci
876 2665 1139 2779 coagulum,
1162 2692 1242 2780 quo
1282 2683 1365 2752 tota
1395 2665 1476 2752 fere

202 2799 379 2908 corporis
410 2795 626 2909 superficies
652 2814 733 2880 erat
762 2796 931 2909 perfnla,
964 2811 1006 2881 et
1038 2789 1322 2911 normarum
1310 2817 1351 2879 ιιι
1383 2793 1477 2881 rui·

202 2930 316 3011 verso
363 2948 528 3033 corpore
573 2921 770 3026 descetus,
819 2938 980 3035 quarum
1013 2926 1061 3009 ad
1090 2925 1201 3007 vices
1232 2922 1356 3007 forsan
1387 2920 1477 3033 sup·

198 3050 361 3164 piendas
386 3053 491 3133 crutis
503 3101 516 3150 ,
552 3048 643 3132 alias
667 3050 935 3158 glabcrrima,
983 3049 1027 3132 iis
1057 3048 1231 3132 instructa
1261 3048 1331 3135 e'st.
1392 3046 1477 3131 Ho-

197 3204 291 3263 rum
324 3174 563 3258 cimeliorum
595 3174 785 3324 nullum
774 3198 815 3253 ιιι
866 3176 1000 3281 supino
1045 3195 1212 3282 corpore
1257 3176 1481 3328 comparuit

195 3304 419 3413 vestigium.

356 3426 504 3534 Oculi,
531 3424 682 3511 radone
709 3421 920 3535 corporis,
965 3421 1067 3511 baud
1101 3420 1267 3536 magni,
1308 3424 1476 3511 minime
1517 3482 1521 3487 -

190 3556 507 3677 prominentes,
558 3553 733 3665 cutisque
784 3553 1005 3638 communis
1043 3556 1257 3665 propagine
1287 3552 1478 3668 obducti,

190 3692 317 3777 litum
351 3688 451 3771 inter
481 3678 836 3828 perpendicularem
888 3699 928 3764 er
972 3680 1254 3766 horizontalem
1303 3682 1477 3767 medium
1520 3702 1523 3711 ’

187 3815 387 3919 habent,
430 3830 473 3896 et
502 3812 669 3924 quinque
699 3808 885 3893 linearum
916 3808 1172 3894 interualloa
1221 3808 1257 3893 se
1301 3807 1476 3955 i'nuiceul

185 3946 355 4034 dfflant.

264 4066 583 4184 ·0perculnm
611 4060 877 4152 branchiamm
910 4062 1023 4148 uariis
1053 4059 1259 4171 musculis,
1310 4084 1382 4177 per
1410 4085 1479 4147 cu·

183 4216 290 4288 tem
342 4194 712 4299 translucentibus,
735 4188 791 4276 eli
821 4171 1077 4297 iullrucium,
1126 4212 1290 4303 quorum
1344 4214 1476 4298 unus,

183 4328 388 4415 omnium
418 4327 640 4429 maximus,
672 4348 717 4407 ac
746 4319 950 4439 dimidiam
984 4317 1097 4427 sere,
1145 4316 1423 4431 eandemque
1412 4340 1478 4401 ru·

180 4456 425 4564 seriorem,
472 4446 639 4569 operculi
686 4464 840 4560 partem
881 4463 1132 4559 occupatu,
1166 4448 1304 4534 buccae
1335 4446 1477 4548 instar,

740 4570 926 4661 Kirka
1364 4568 1478 4655 ualde
1606 4616 1615 4635 ·
