4534 5750
422 470 1251 646 M'ureououoclcrsss
1358 580 1451 667 407
1623 582 1626 589 ·

186 803 262 906 que
302 781 381 868 dies
413 780 519 892 ipse,
564 804 608 866 et
655 781 800 896 aliquot
838 783 1104 870 antecedentes
1135 782 1243 892 dien,
1294 784 1456 898 sequen·

187 930 245 996 tes
291 935 389 994 vero
433 909 563 994 etaut'
592 911 710 998 nubili
755 931 796 996 et
828 914 958 1000 niuoli.
1026 913 1172 997 Ventus
1199 931 1279 998 erat
1309 914 1455 1022 nullus,
1625 983 1629 986 .

188 1040 246 1123 uti
277 1061 430 1150 qunque
462 1063 530 1148 pec
561 1039 700 1149 diem,
746 1041 852 1150 quod
884 1040 1151 1154 iufignioribus
1181 1037 1334 1152 frigoris
1370 1067 1457 1152 gra·

187 1168 298 1254 dibus
328 1165 574 1252 exilientibus
612 1166 699 1252 fieti
745 1187 790 1250 vt
835 1169 1049 1278 plurimum
1100 1167 1235 1270 solet„
1307 1169 1457 1257 Diebus

186 1297 335 1381 duobus
366 1294 672 1380 antecedentibus
712 1314 848 1378 ventus
895 1297 1027 1380 leniter
1073 1319 1127 1380 ex
1179 1296 1329 1384 oriente
1379 1297 1459 1406 spi·

187 1423 338 1528 rabat,
395 1420 627 1532 sequentibus
687 1444 780 1506 uero
847 1425 1040 1532 proximis
1088 1446 1146 1506 ex
1192 1421 1237 1509 S.
1285 1445 1329 1518 et,
1375 1422 1455 1510 W.

186 1548 341 1638 Gradus
389 1548 538 1654 frigoris
563 1554 660 1634 inter
687 1550 827 1636 horam
863 1572 905 1634 a.
921 1570 977 1634 et
1012 1571 1053 1650 a.
1091 1575 1131 1660 p.
1169 1575 1229 1635 m.
1280 1549 1457 1638 obserua-

186 1698 247 1764 tus
275 1697 354 1764 erat
388 1687 508 1781 188,
551 1675 723 1787 adeoque
770 1674 981 1761 differentia
1023 1679 1163 1764 diurna
1210 1696 1358 1764 tanmm
1409 1703 1456 1782 9.

187 1805 345 1892 Constat
378 1803 481 1885 enim
501 1855 521 1904 ‚-
559 1803 586 1886 st
620 1801 769 1888 caetera
801 1802 870 1886 fint
904 1806 1035 1915 paria,
1082 1805 1165 1888 duo
1214 1807 1455 1915 potissimum

184 1929 386 2018 interuallo
422 1954 495 2031 24.
531 1929 712 2014 horarum
743 1929 815 2012 else
839 1948 1038 2040 tempora,
1064 1931 1198 2040 quibus
1212 1930 1315 2017 calor
1327 1936 1454 2017 maxi·

185 2086 276 2146 mus
306 2079 343 2142 et
374 2060 557 2162 minimus
585 2058 811 2168 contingere
844 2054 951 2143 solet.
1030 2051 1187 2144 Scilicet
1219 2059 1322 2145 calor
1374 2061 1453 2145 mi·

181 2190 338 2294 nimus,
369 2185 432 2272 seu
460 2181 572 2295 frigus
596 2186 848 2291 'maximum
880 2183 1096 2296 regulariter
1124 2186 1192 2270 sub
1222 2186 1306 2270 scalis
1325 2204 1453 2275 ortum

181 2318 259 2402 *effe
290 2313 413 2422 solet,
459 2311 592 2398 crescit
622 2313 711 2397 dein
751 2308 858 2397 calor
887 2337 968 2402 non
1002 2311 1125 2398 solum
1158 2313 1210 2400 ad
1246 2313 1451 2403 meridiem

181 2469 328 2555 usque,
358 2465 437 2554 quo
468 2440 555 2526 solis
585 2439 748 2527 altitudo
780 2439 955 2528 maxima
983 2443 1072 2550 effe,
1088 2443 1258 2554 adeoque
1273 2444 1454 2530 maxime

177 2569 383 2655 colelicete
416 2566 535 2675 solet,
568 2569 632 2654 sed
659 2567 739 2654 fene
766 2571 817 2652 ad
849 2567 893 2652 h.
926 2595 970 2676 3.
1009 2594 1053 2681 p.
1104 2593 1162 2654 m.
1211 2594 1290 2682 quo
1333 2567 1454 2656 rursm

176 2696 365 2785 decrescit
395 2696 640 2809 regulariter,
690 2696 756 2782 nili
785 2695 925 2783 diuersa
956 2696 1163 2808 tempestas
1207 2698 1357 2788 obstet.
1400 2698 1451 2784 ad

173 2826 268 2912 solis
297 2845 427 2913 ortum
457 2825 531 2909 diei
566 2824 760 2937 sequentis.
841 2825 948 2912 Haec
979 2827 1079 2913 ratio
1108 2827 1166 2912 est
1186 2832 1295 2933 ‚cur
1324 2826 1452 2911 obser·

175 2956 360 3041 vationes
389 2954 720 3037 thermometricae
755 2954 901 3037 nolitne
932 2978 1048 3037 mane
1081 2954 1148 3037 lint
1178 2953 1364 3037 institutae
1412 2968 1452 3037 et

170 3079 269 3191 poll
300 3081 497 3165 meridiem
531 3077 629 3160 inter
661 3078 704 3161 h.
742 3104 785 3171 a.
822 3102 860 3162 et
893 3101 941 3177 ³·
1027 3078 1171 3193 Quodfi
1204 3103 1303 3163 nero
1333 3104 1451 3164 mane

167 3230 266 3291 non
296 3207 368 3292 sint
399 3204 546 3305 freae,
578 3204 695 3287 nocte
727 3204 768 3286 h.
808 3204 1045 3288 11.·institui
1066 3228 1150 3311 eas,
1178 3227 1451 3314 quotempore
1586 3244 1590 3250 ·

166 3334 408 3447 plerumque
433 3332 565 3441 gradus
596 3327 677 3413 iam
709 3330 892 3415 obsemari
926 3330 1040 3434 solet,
1058 3330 1120 3440 qui
1137 3328 1265 3441 gradui
1284 3332 1347 3414 lub
1363 3332 1452 3415 solia

163 3480 310 3550 ortum
342 3461 395 3549 est
423 3460 530 3577 saepe
547 3458 736 3583 aernunlis,¹
762 3478 826 3543 aut
854 3460 1041 3573 proxime
1071 3458 1119 3545 ad
1150 3480 1239 3545 eum
1257 3458 1418 3547 accedit.
1464 3562 1468 3569 Ι
1561 3564 1565 3570 .
1612 3494 1617 3503 ·
1750 3571 1754 3582 Ι

337 3718 458 3811 Calor
489 3718 685 3809 mouimus
717 3746 795 3827 97.
826 3713 927 3807 lunii
965 3742 1036 3829 24.
1067 3720 1168 3807 inter
1209 3718 1348 3807 horam
1397 3716 1450 3806 se-

158 3852 348 3939 cundam
381 3874 420 3939 et
451 3855 600 3939 tertiam
636 3878 676 3963 p.
712 3877 768 3935 m.
799 3850 1013 3935 obseruatus
1045 3849 1107 3935 sub
1149 3845 1253 3934 hisce
1283 3854 1450 3933 circum·

162 3980 323 4066 stantiis
351 3983 508 4069 accidire
574 3977 620 4064 In
650 3977 729 4063 sole
760 3973 1087 4065 thermometrum
1118 3977 1343 4063 monstrabat
1375 3966 1472 4065 dds

160 4128 214 4193 ut
253 4110 361 4193 adeo
390 4108 604 4195 differentia
633 4106 732 4192 inter
761 4108 1086 4195 thermometrum
1116 4107 1186 4190 soli
1206 4104 1445 4219 expodtum,

158 4254 208 4321 et
247 4234 575 4323 thermometrum
611 4237 650 4318 in
693 4236 828 4321 umbra
874 4236 1106 4321 collocatum
1148 4235 1261 4319 fiterit
1306 4256 1450 4318 nouem

154 4363 382 4477 graduum.
448 4364 516 4449 De
549 4363 619 4448 hac
650 4362 863 4449 differentia
900 4365 1113 4479 nonndum
1147 4363 1232 4469 est,
1262 4386 1353 4446 eam
1383 4364 1452 4444 ad·

79 4482 85 4493 ’
154 4492 353 4583 modum
386 4495 554 4605 aaroni,
583 4489 673 4577 licet
700 4506 828 4577 totum
859 4492 1013 4577 coelum
1042 4490 1252 4604 aequaliter
1284 4490 1449 4572 serenum

1255 4614 1450 4726 rideatur,
