4534 5750
827 525 918 698 '40⁸
1038 571 1902 680 ossutttrutouns

820 817 1031 926 uidentur,
1061 818 1114 902 ita
1148 835 1194 899 ut
1231 839 1310 899 non
1340 837 1534 923 nunquam
1566 817 1750 926 graduum
1788 835 1864 915 25.
1887 809 2094 920 etamplius

699 1009 704 1022 .
821 948 927 1033 mihi
960 947 1099 1032 sithiu
1133 942 1338 1028 obseruatt.
1388 939 1610 1028 Barometri
1640 943 1800 1025 altitudo
1828 926 1912 1024 eta't
1947 961 2008 1034 27
2026 966 2091 1054 75,

823 1101 943 1183 quum
978 1099 1091 1158 mane
1121 1071 1233 1157 fuerit
1267 1093 1338 1171 27·
1356 1085 1424 1158 80.
1454 1091 1494 1154 et
1527 1073 1575 1156 ab
1610 1083 1666 1155 28
1700 1073 1779 1168 26,
1817 1089 1912 1179 quae
1945 1067 2095 1160 altitudo

825 1204 889 1286 die
915 1227 985 1284 20.
1020 1199 1122 1308 fuit,
1150 1200 1200 1283 ad
1233 1201 1332 1282 hunc
1366 1201 1578 1283 terminum
1609 1200 1715 1282 lente
1760 1197 2024 1306 descenderit,
2061 1221 2094 1288 et

750 1335 753 1350 “
826 1331 994 1438 sequenti
1013 1331 1075 1414 die
1093 1335 1141 1414 ad
1165 1351 1235 1428 27·
1250 1335 1324 1407 62.
1345 1328 1571 1413 descendere
1591 1313 1816 1438 perrexerit}
1851 1318 2020 1410 Coelum
2037 1333 2093 1416 ad·

778 1465 779 1474 '
831 1458 996 1541 modum
1032 1456 1102 1541 fuit
1135 1457 1390 1568 saporosum,
1422 1457 1477 1541 122
1510 1475 1555 1540 ut
1595 1456 1649 1539 101
1682 1473 1863 1562 tunquam
1887 1445 2015 1539 ‘ditem
2039 1484 2091 1544 ru·

830 1584 897 1682 ber
930 1585 1175 1694 adposuerit,
1207 1587 1326 1696 quod,
1342 1608 1431 1668 aere
1473 1583 1709 1695 vaporibus,
1742 1581 1949 1692 praecipue
1988 1587 2093 1674 exha-

834 1711 1052 1817 lationibus,
1075 1713 1245 1824 vcopiolis
1277 1712 1439 1822 repleto,
1475 1715 1701 1820 contingere
1732 1707 1839 1792 soler.
1871 1709 2017 1796 Ventus
2033 1718 2095 1801 de·

835 1837 919 1924 bilis
949 1865 1000 1922 ex
1032 1845 1181 1924 oriente
1211 1839 1407 1952 spirabat,
1441 1841 1500 1921 uti
1531 1861 1685 1950 quoque
1715 1836 1844 1922 diebus
1871 1840 2008 1926 dnobus
2028 1869 2091 1928 an·

660 2075 671 2098 Ι
720 2021 722 2025 -
836 1965 1096 2050 recedentibus
1127 1986 1166 2048 er
1198 1965 1522 2073 consequentibus.
1590 1960 1700 2048 Circa
1735 1962 1778 2047 b.
1811 1994 1856 2069 4.
1889 1992 1930 2076 p.
1959 1968 2088 2056 mro·

837 2094 941 2177 nirru
980 2093 1246 2205 elonginquo
1277 2091 1332 2174 est
1365 2092 1551 2197 auditum,
1582 2111 1623 2176 et
1658 2090 1781 2203 pluuia
1800 2119 1930 2207 ‘parua
1961 2099 2096 2209 cecidit,

832 2219 875 2308 h.
910 2244 983 2306 10.
1018 2223 1146 2306 aurem
1181 2218 1308 2331 pluuia
1339 2213 1425 2304 'satis
1455 2219 1585 2330 larga,
1617 2239 1660 2304 et
1690 2222 1860 2328 tonitru,
1885 2242 2094 2311 nontamen

837 2349 1070 2451 uehemens,
1088 2349 1172 2437 fuir.
1235 2349 1369 2465 Quum
1403 2348 1670 2460 armol‘phaera
1711 2348 1867 2435 inferior
1900 2347 2093 2462 uaponbur
2157 2443 2163 2448 ,

830 2495 876 2563 ot
899 2475 1213 2562 exhalationibus
1240 2477 1352 2560 fuerit
1382 2474 1555 2588 repleta,
1590 2496 1631 2559 et
1671 2477 1934 2564 barometrum
1984 2481 2092 2566 altim-

832 2605 966 2690 dinem
1018 2604 1199 2714 insignem
1245 2629 1321 2707 non
1369 2603 1676 2706 2202112222ῐί2,
1732 2605 1910 2718 calorque
1959 2609 2093 2718 inignit

832 2731 1128 2818 thurmometro
1158 2732 1268 2816 fuerit
1298 2732 1509 2817 indicarunt
1546 2733 1765 2817 mirandum
1798 2759 1879 2820 non
1908 2736 1989 2839 eil,
2028 2738 2094 2822 ful·

836 2860 1012 2948 mineum
1043 2861 1317 2971 tempestatem
1356 2862 1432 2947 hoc
1480 2863 1545 2945 die
1576 2861 1810 2973 contigisse,
1841 2864 1934 2949 dum
1970 2890 2094 2953 omnes

838 2986 1034 3073 adiiterunt
1064 2991 1330 3095 conditiones,
1376 2990 1441 3074 sub
1472 2990 1603 3099 quibus
1631 2992 1874 3101 tempestates
1903 2994 2095 3078 fulmineae

839 3115 1011 3201 accidere
1044 3116 1180 3201 solent.
1239 3114 1350 3198 Vltra
1380 3117 1628 3204 altitudinem
1672 3132 1747 3207 28.
1758 3133 1829 3209 08
1862 3120 1934 3205 iiue
1959 3122 2095 3229 uiginti
2241 3173 2242 3190 .

839 3242 938 3327 otilo
970 3241 1155 3355 pollicum
1188 3243 1299 3355 pedis
1328 3244 1480 3327 Parissni
1509 3262 1550 3325 et
1588 3244 1714 3332 lineae
1754 3248 1864 3334 unius
1910 3250 2100 3359 tempestas
2241 3303 2242 3306 κ

841 3369 1025 3457 firlminea
1064 3370 1163 3457 mihi
1200 3369 1270 3456 bic
1321 3396 1405 3457 non
1431 3369 1499 3457 est
1515 3370 1740 3487 obseruata,
1777 3400 1875 3490 quae
1912 3376 1986 3463 bil·
2016 3402 2093 3490 pro

842 3499 931 3613 pius
959 3500 1123 3587 accessit.

995 3718 1212 3835 Sequuntur
1243 3749 1415 3817 meteora
1446 3732 1647 3846 infigniora
1682 3759 1751 3847 per
1792 3737 1957 3860 ungulos
2004 3734 2104 3823 buius
2241 3735 2242 3756 ¹

843 3849 932 3935 22221
966 3852 1140 3948 menses,
1188 3875 1235 3940 vt
1287 3862 1425 3968 senti,
1478 3860 1540 3948 sed
1582 3883 1730 3951 tantum
1763 3869 2104 3973 uehementiores,
2241 3847 2242 3878 ¹

843 3976 985 4061 scilicet
1014 3980 1151 4091 gradus
1180 3985 1284 4070 tertii
1315 4008 1356 4073 et
1387 3991 1542 4101 quarti,
1574 3994 1640 4101 qui
1671 3994 1899 4104 posteriores
1919 3994 2111 4107 procellu-
2241 4017 2242 4056 t

845 4102 902 4187 102
951 4125 1117 4215 notant,
1160 4136 1280 4222 porro
1311 4115 1504 4223 nebulae,
1548 4120 1668 4205 nubes
1688 4122 1901 4271 ,pluuia,
1945 4122 2115 4237 3222210,

843 4232 945 4341 nix,
977 4238 1147 4324 tonitrua
1180 4264 1273 4327 cum
1303 4178 1552 4362 fulminibus,
1583 4187 1743 4337 22102122
1779 4254 1881 4341 circa
1910 4251 2055 4343 Solem
2080 4265 2117 4332 et

838 4356 1024 4475 Lunam,
1055 4382 1095 4452 et
1122 4390 1283 4457 aurorae
1313 4373 1498 4458 boreales

2008 4638 2123 4733 Men
