4534 5750
597 513 1040 616 tractum·
1365 494 1460 634 set

197 755 389 875 prioribus
436 749 565 866 paullo
612 752 803 838 breuiores
846 773 892 837 tc
936 750 1158 861 tenuiores3
1211 772 1460 862 omnesque,

196 888 378 997 exeeptis
408 885 573 992 quinque
602 879 665 966 uel
697 881 763 967 sex
792 881 1069 990 superioribus,
1117 883 1159 964 in
1206 879 1467 964 extremitati·

196 1017 270 1104 bus
298 1009 440 1099 nmou
467 1025 585 1092 erant.
670 1009 792 1093 lluiur
823 1007 1015 1114 laciniae,
1063 1007 1202 1091 decem
1234 1008 1344 1091 radiis
1373 1029 1468 1090 con·

199 1139 391 1249 murtae,
435 1137 540 1222 radio
585 1133 728 1222 infimo
775 1134 934 1220 intimus
983 1134 1175 1248 utriusque
1218 1134 1385 1232 lateralia
1421 1158 1468 1220 ae

198 1267 449 1360 horitarntalir
495 1264 654 1350 laciniae
703 1264 855 1369 cadite,
901 1263 1146 1350 membranae
1191 1287 1298 1374 ope,
1344 1263 1471 1348 radioa

201 1401 403 1514 pinnarum
435 1391 548 1478 solito
577 1415 692 1477 more
721 1389 984 1476 comedentis
999 1453 1013 1499 ,
1028 1451 1032 1463 .
1049 1391 1296 1502 iungebetun·
1380 1385 1473 1475 Srn·

200 1528 290 1638 gula
322 1523 472 1608 harum.
488 1519 654 1625 lacinia,
703 1522 767 1604 firb
813 1518 956 1628 angulo
1005 1519 1089 1628 plus
1136 1522 1309 1606 minione
1360 1517 1471 1602 tedio

201 1679 295 1742 eum
329 1647 484 1736 media,
529 1643 725 1727 mediante
757 1649 836 1726 iam
870 1645 979 1732 dudio
1006 1645 1144 1751 radio,
1191 1668 1405 1744 connexa,
1446 1666 1470 1728 e

201 1769 421 1894 quindecim
449 1769 641 1855 constabat
671 1758 838 1857 ndi1s2‘
862 1772 1021 1854 extimis
1049 1792 1240 1882 quatuor,
1288 1772 1472 1857 omnium

203 1893 412 2008 minimis;
443 1901 616 2005 quinto,
643 1893 754 1981 sexto
783 1916 824 1981 et
850 1898 1047 2010 septimo,
1088 1902 1270 1982 omnium
1301 1882 1474 2008 'longiffio

202 2032 282 2120 mis
310 2053 356 2112 ac
387 2025 624 2136 fortissimis,
668 2029 858 2132 caeteris,
905 2026 954 2109 ab
985 2025 1129 2110 oliano
1181 2026 1230 2112 ad
1275 2025 1476 2110 decimum

202 2162 410 2272 quintum,
457 2156 521 2266 qui
569 2152 725 2236 intimus
771 2170 881 2260 eret,
931 2175 987 2236 ex
1036 2153 1168 2237 ordine
1208 2153 1475 2260 breuioribus,

201 2286 490 2391 omnibusque,
522 2279 550 2364 st
579 2299 741 2390 quatuor
770 2281 836 2365 vel
867 2280 1032 2390 quinque
1064 2282 1275 2364 exteriores
1303 2269 1496 2388 excepoi.

204 2415 287 2518 ris,
320 2413 360 2494 in
393 2408 694 2492 extremitatibus
723 2405 893 2492 ramofia.
974 2401 1076 2490 Basrs
1106 2408 1214 2492 huius
1243 2391 1386 2518 pinnae
1408 2401 1476 2488 sub

205 2543 326 2626 cauda
374 2557 467 2638 eret,
499 2555 715 2624 catenata.
761 2555 874 2646 prout
920 2536 1034 2619 etiam
1081 2533 1122 2617 in
1156 2523 1388 2620 linnaeaena'
1407 2524 1479 2616 dei

203 2669 413 2776 scriptione
442 2684 654 2766 monetur,
708 2666 881 2750 medium
913 2683 1039 2749 autem
1070 2655 1254 2746 eiusmodi
1288 2665 1328 2745 io
1360 2665 1480 2745 intet-

205 2795 341 2883 media
375 2794 510 2901 pionte
542 2790 677 2874 lacinia
720 2790 899 2897 rodium,
950 2791 1103 2901 reliquis
1152 2786 1380 2894 fortiorem,
1428 2787 1479 2872 ab

204 2924 328 3034 iisque
358 2916 483 3005 forma
517 2920 691 3002 maxime
721 2919 968 3010 diliioc‘tum,
1014 2916 1131 3027 qualis
1163 2922 1203 3001 in
1235 2919 1347 3001 icone
1385 2937 1480 3024 pro·

204 3050 313 3152 siat,
346 3065 385 3128 et
416 3044 665 3143 describatur,
700 3066 779 3124 noo
809 3048 902 3127 vidi.
969 3042 1027 3129 Ea
1059 3032 1223 3153 propter
1245 3063 1375 3127 autem
1406 3043 1477 3123 de-

202 3174 485 3282 scriptionem,
514 3195 537 3251 a
566 3167 651 3251 Cel.
685 3170 785 3250 Viro
811 3172 976 3274 datam,
1007 3170 1153 3250 mendo
1183 3160 1370 3272 labomre,
1400 3191 1481 3253 oon

197 3301 473 3400 contendam,
521 3320 611 3379 cum
660 3300 699 3377 iu
731 3296 839 3405 supro
869 3292 1059 3406 descripto
1089 3294 1189 3403 pisce
1218 3296 1359 3379 caudae
1392 3296 1482 3404 pin-

202 3452 307 3515 nam
341 3451 381 3509 et
415 3448 485 3533 pet
510 3424 645 3506 omnia
675 3422 752 3506 lere
796 3423 953 3521 similem
1002 3422 1105 3529 elle,
1151 3422 1231 3533 ipse
1278 3424 1481 3529 uiderim,

201 3555 363 3667 qualem
397 3554 436 3635 in
467 3548 641 3657 Cyprino
672 3546 737 3631 suo
764 3550 1018 3657 deprehendit
1069 3548 1249 3651 Aulion,
1300 3548 1377 3633 fide
1421 3548 1482 3634 di·

202 3680 442 3793 gnillrmus,
488 3678 548 3761 sed
580 3700 795 3784 exponam·
814 3678 939 3786 potius
968 3676 1064 3761 hanc
1092 3675 1294 3760 stolidiorne
1326 3677 1486 3759 varieta-

200 3834 331 3897 tem,
362 3828 540 3915 tanquam
576 3805 747 3887 maxime
778 3804 1044 3913 singularem,
1079 3803 1119 3885 in
1151 3804 1268 3886 dubio
1300 3804 1488 3911 haerena,

202 3960 351 4023 utrum
383 3936 565 4021 diuerlim
600 3932 711 4041 plane
740 3934 938 4040 speciem,
990 3932 1261 4014 uarietatemue
1305 3918 1488 4037 tantum,

199 4090 265 4151 au
302 4072 409 4151 sexus
438 4058 690 4146 diuersitatem
724 4052 848 4168 potius
880 4058 1046 4148 indicet,
1070 4075 1152 4143 erat
1180 4082 1311 4141 aurem
1348 4064 1489 4142 malcu-

114 4226 117 4233 ⁴
201 4194 312 4291 lus,
361 4208 552 4275 caeterum
582 4182 762 4271 Chinenli
795 4186 1035 4288 simillimus,
1084 4186 1334 4299 fiexcipias,
1382 4185 1489 4291 quod

204 4318 324 4405 dorsi
359 4322 474 4429 pinna
507 4316 546 4399 io
575 4314 739 4397 nostrate
769 4316 938 4429 uiginti,
975 4316 1166 4403 ventrales
1198 4316 1291 4403 odio
1321 4335 1488 4423 tautum,

201 4449 335 4539 radiis
363 4447 497 4531 suerint
526 4440 741 4525 instructae.
802 4484 808 4493 -

288 4574 413 4659 rom.
427 4562 758 4660 tarmonem.
978 4566 1112 4657 uua
1313 4563 1493 4657 meana
1582 4498 1604 4543 ξ’
