4534 5750
524 496 528 506 ¹
654 440 1097 679 ..amaram
1444 574 1503 665 sa

234 768 392 867 dantur.
474 775 558 865 Iam
590 778 629 865 iu
659 780 731 866 hac
759 784 1025 873 ‚dilsertatione
1066 782 1196 899 prima
1236 784 1337 872 iuius
1376 779 1503 875 subdi·

230 908 384 994 tidonis
427 908 615 994 elementa
643 906 936 1021 stabiliuntur,
984 935 1094 1025 atque
1146 918 1272 1000 variae
1323 914 1502 999 methodi

230 1036 504 1148 proferuntur,
532 1031 754 1121 inaniores*
775 1040 949 1124 binamm
990 1040 1231 1127 variabilium
1264 1038 1503 1155 indagandi,

231 1180 286 1247 ex
315 1164 400 1249 data
428 1179 652 1274 quacunque
694 1165 1000 1252 differentiallum
1052 1170 1170 1280 primi
1222 1170 1357 1281 gradus
1390 1167 1503 1277 tela-

232 1291 347 1375 tione.
414 1290 561 1403 Quodli
593 1292 775 1378 nimirum
810 1292 931 1379 littera
967 1295 1002 1378 V
1052 1299 1211 1381 denotet
1260 1294 1500 1416 linitionem

229 1438 490 1531 quamcunque
523 1418 695 1503 binarum
731 1421 967 1505 variabilium
1002 1440 1101 1508 aet
1114 1444 1169 1531 y,
1203 1442 1344 1535 quasa
1375 1419 1411 1504 st
1441 1425 1503 1507 iu·

228 1545 356 1628 vicem
377 1546 521 1656 prorlua
538 1545 834 1657 independenter
847 1542 1011 1659 intellig-i
1027 1564 1197 1661 oportet,
1216 1557 1271 1635 ita·
1289 1569 1334 1635 tt
1353 1564 1504 1635 uuam*

228 1695 303 1781 que
334 1674 482 1767 seorlirn
518 1697 584 1784 per
615 1698 749 1757 omnes
778 1675 926 1759 ealores
965 1679 1125 1762 variare
1145 1677 1283 1780 licen,
1325 1670 1503 1786 geminat

225 1798 314 1883 inde
348 1798 527 1887 formulae
551 1800 814 1893 differentiales
846 1803 979 1915 nasci,
1014 1807 1067 1890 eli
1099 1795 1373 1915 manifestum,
1419 1802 1500 1889 hoe

225 1945 348 2031 modo
377 1948 535 2033 indicari
583 1945 707 2031 solitas
736 1914 856 2061 (ἐξ)
885 1968 926 2035 et
955 1917 1102 2074 (g),
1152 1978 1310 2063 quarum
1351 1950 1414 2037 illa
1442 1966 1498 2035 ex

226 2072 436 2159 tutatione
470 2075 578 2159 sollus
607 2092 673 2184 x,
699 2073 796 2157 laec
834 2090 932 2155 tero
966 2080 1132 2182 loliusy
1160 2081 1301 2184 oritur,
1341 2096 1498 2188 tuaque

222 2218 353 2286 autem
402 2203 456 2289 ell
507 2202 694 2312 quantitas
742 2190 886 2308 linita,
938 2216 979 2284 et
1026 2222 1139 2284 more
1184 2201 1296 2287 solito
1316 2224 1320 2231 ·
1340 2204 1392 2287 ita
1429 2195 1503 2315 per'

221 2325 585 2411 differentlationem
621 2326 803 2435 reperitur
814 2388 827 2429 ,
858 2342 920 2423 tt,
955 2326 983 2409 li
1015 2324 1285 2410 differentiatio
1316 2328 1499 2436 praebeat

224 2440 704 2563 avzeaxsfqdy,
750 2450 817 2530 ubi
861 2444 937 2529 fine
980 2450 1097 2535 dublo
1141 2451 1284 2537 litterae
1324 2451 1505 2573 PetQ

212 2576 364 2663 ¹iterunr
396 2594 507 2660 erunt
536 2593 661 2658 certae
691 2570 908 2672 llmdtionea
948 2576 1109 2689 ipdrutu
1160 2602 1191 2664 tt
1221 2596 1260 2663 et
1275 2599 1345 2691 y,
1394 2578 1497 2667 lietu.
1610 2618 1615 2635 ·

219 2741 307 2807 rum
341 2710 387 2807 lit
417 2686 615 2834 RcG-1)
646 2736 686 2805 et
716 2688 947 2843 (ξι-(ἕξ).
1030 2722 1153 2809 Nunc
1196 2724 1310 2835 igitur
1357 2743 1497 2813 omnen
1676 2721 1678 2724 ’

218 2845 457 2962 qurellionea
498 2841 574 2936 hue
626 2850 859 2962 pertinentes
889 2851 942 2934 ita
989 2848 1090 2964 lunt
1119 2852 1398 2965 comparatae,
1452 2871 1498 2942 tt

222 2981 301 3062 data
332 3003 550 3089 quacunque
604 2971 786 3062 relatione
835 2978 932 3061 inter
975 2977 1202 3088 quantitates
1248 3005 1279 3066 a·
1297 3006 1392 3090 ,y,
1420 2979 1495 3097 V,

218 3125 260 3190 et
290 3105 352 3208 P,
380 3103 448 3220 Q,
480 3105 575 3190 iude
599 3105 747 3190 litterae
779 3105 810 3188 Ρ
838 3126 877 3188 et
910 3101 1252 3222 Qelimlnentur,
1285 3126 1324 3197 et
1355 3131 1494 3221 nequa·

225 3233 280 3317 tio
309 3233 357 3317 ab
386 3234 460 3319 illia
489 3234 604 3317 libera
637 3250 785 3316 tantum
818 3231 918 3316 inter
950 3251 980 3318 x
1011 3243 1100 3336 ety
1131 3253 1172 3319 et
1203 3233 1241 3318 V
1273 3235 1495 3346 indagetur,

222 3362 365 3472 quippe
395 3385 469 3472 qua
498 3359 645 3444 indoles
677 3350 879 3444 iandlionia
910 3357 986 3469 V,
1016 3362 1346 3470 quemadmodum
1378 3387 1402 3446 a
1435 3364 1496 3450 bi-

226 3489 281 3572 nia
307 3511 339 3575 tt
369 3506 410 3572 et
436 3514 464 3586 y
494 3487 667 3598 pendet,
697 3483 957 3573 declarabitur.
1024 3482 1128 3572 Cum
1161 3509 1309 3604 autem,
1336 3489 1497 3602 quando

222 3615 269 3700 de
299 3607 554 3702 sundiiouibua
587 3617 721 3700 unicae
751 3613 939 3700 variabilia
967 3615 1127 3724 agitur,
1155 3617 1345 3726 plurimae
1374 3641 1494 3730 quae·

225 3741 357 3828 lllouea
390 3741 513 3830 adhuc
552 3742 684 3842 calculi
733 3733 829 3826 tinea
873 3741 1077 3852 luperent,¹
1131 3759 1218 3828 tum
1262 3743 1341 3830 hot
1385 3743 1493 3833 idem

221 3870 345 3956 multo
377 3872 500 3982 magis
531 3872 570 3954 iu
601 3868 661 3954 hia
697 3868 973 3980 quaestionibus
1010 3873 1113 3956 eirca
1157 3873 1249 3955 duaa
1294 3867 1496 3956 vadabilet

221 3995 457 4108 usuvenit,
486 4013 530 4082 et
561 4017 736 4082 uumerus
767 4020 941 4101 earum,
982 3997 1072 4104 quaa
1101 3996 1258 4106 anaidem
1304 3992 1493 4084 resoluere

218 4121 340 4231 litet,
372 4124 584 4211 admodum
614 4125 659 4210 fit
692 4123 911 4232 limitatus,
936 4123 1153 4232 praesertim
1188 4119 1265 4208 hoc
1293 4137 1489 4235 tempore,

222 4276 295 4362 mo
321 4252 413 4339 -ilia
460 4276 561 4339 mua
606 4247 818 4360 Analyseoa
864 4273 957 4362 para
1009 4253 1168 4336 demum
1227 4247 1378 4336 mitari
1431 4249 1490 4337 eli

218 4398 364 4487 coepta.
445 4377 610 4466 interim
651 4397 783 4465 tamen
814 4377 1024 4490 methodi,
1075 4401 1169 4489 quaa
1200 4375 1353 4463 Audiat
1382 4373 1519 4463 hone-

212 4503 254 4588 in
284 4505 405 4592 finem
438 4509 708 4625 excogitant,
738 4531 844 4598 mox
873 4505 1090 4602 aunuum
1108 4502 1382 4597 uastationem
1399 4501 1491 4612 pol-

26 4735 27 4746 ,
213 4627 319 4724 liceri
351 4635 541 4728 uidentur.
1228 4621 1491 4732 rursm.
